Time,Price,Qty
2019-11-17 12:20:37.878,8540.63,0.053947
2019-11-17 12:20:37.892,8540.0,0.017431
2019-11-17 12:20:38.065,8540.62,0.047112
2019-11-17 12:20:38.173,8540.63,0.051487
2019-11-17 12:20:38.261,8540.63,0.047239
2019-11-17 12:20:38.366,8540.63,0.006548
2019-11-17 12:20:38.677,8540.55,0.00197
2019-11-17 12:20:39.448,8540.58,0.060033
2019-11-17 12:20:40.339,8540.83,0.030774
2019-11-17 12:20:40.342,8540.57,0.082261
2019-11-17 12:20:40.628,8540.95,0.001183
2019-11-17 12:20:40.724,8540.0,0.038413
2019-11-17 12:20:40.724,8540.0,0.3
2019-11-17 12:20:40.724,8539.97,0.069444
2019-11-17 12:20:40.724,8538.73,0.007294
2019-11-17 12:20:41.032,8538.87,0.001392
2019-11-17 12:20:41.271,8538.98,0.060009
2019-11-17 12:20:41.441,8540.84,0.007352
2019-11-17 12:20:41.441,8540.84,0.000536
2019-11-17 12:20:41.465,8540.84,0.05705
2019-11-17 12:20:41.467,8540.84,0.034972
2019-11-17 12:20:42.844,8540.03,0.038896
2019-11-17 12:20:43.050,8540.89,0.011825
2019-11-17 12:20:43.078,8540.05,0.060034
2019-11-17 12:20:43.298,8540.84,0.009606
2019-11-17 12:20:43.778,8540.95,0.123341
2019-11-17 12:20:44.045,8540.96,0.032016
2019-11-17 12:20:44.250,8540.96,0.002314
2019-11-17 12:20:44.469,8540.82,0.070569
2019-11-17 12:20:44.728,8540.82,6e-06
2019-11-17 12:20:44.728,8540.8,0.006891
2019-11-17 12:20:44.728,8540.51,0.053133
2019-11-17 12:20:44.803,8540.96,0.3096
2019-11-17 12:20:45.530,8540.51,0.1779
2019-11-17 12:20:45.751,8541.11,0.001684
2019-11-17 12:20:46.424,8540.52,0.060031
2019-11-17 12:20:46.873,8540.52,0.011915
2019-11-17 12:20:47.003,8541.11,0.001971
2019-11-17 12:20:47.214,8541.1,0.005398
2019-11-17 12:20:47.243,8541.1,0.001368
2019-11-17 12:20:47.596,8541.1,0.04634
2019-11-17 12:20:47.965,8541.1,0.025632
2019-11-17 12:20:47.965,8540.52,0.067097
2019-11-17 12:20:48.131,8540.55,0.032782
2019-11-17 12:20:48.131,8540.54,0.027242
2019-11-17 12:20:48.500,8541.1,0.03218
2019-11-17 12:20:48.635,8541.1,0.008694
2019-11-17 12:20:49.016,8541.1,0.002314
2019-11-17 12:20:49.367,8541.1,0.007385
2019-11-17 12:20:49.379,8541.1,0.001521
2019-11-17 12:20:49.412,8541.1,0.013474
2019-11-17 12:20:49.412,8541.11,0.008891
2019-11-17 12:20:49.511,8541.09,0.003292
2019-11-17 12:20:49.619,8541.09,0.029477
2019-11-17 12:20:49.842,8540.59,0.023416
2019-11-17 12:20:49.842,8540.58,0.036629
2019-11-17 12:20:49.867,8541.09,1.3e-05
2019-11-17 12:20:49.867,8541.11,0.050538
2019-11-17 12:20:49.867,8541.11,0.050551
2019-11-17 12:20:49.868,8541.11,0.000533
2019-11-17 12:20:49.868,8541.31,0.050018
2019-11-17 12:20:49.868,8541.31,0.050551
2019-11-17 12:20:49.872,8541.31,0.050551
2019-11-17 12:20:49.872,8541.31,0.021378
2019-11-17 12:20:49.872,8541.81,0.029173
2019-11-17 12:20:49.873,8541.81,0.050551
2019-11-17 12:20:49.873,8541.81,0.050551
2019-11-17 12:20:49.873,8541.81,0.050551
2019-11-17 12:20:49.873,8541.81,0.050551
2019-11-17 12:20:49.873,8541.81,0.050551
2019-11-17 12:20:49.874,8541.81,0.018072
2019-11-17 12:20:49.874,8541.83,0.001384
2019-11-17 12:20:49.874,8541.83,0.031095
2019-11-17 12:20:49.875,8541.83,0.050551
2019-11-17 12:20:49.875,8541.83,0.050551
2019-11-17 12:20:49.875,8541.83,0.050551
2019-11-17 12:20:49.880,8541.83,0.050551
2019-11-17 12:20:49.903,8541.83,0.025282
2019-11-17 12:20:49.961,8540.61,0.092723
2019-11-17 12:20:49.968,8540.61,0.059976
2019-11-17 12:20:49.968,8540.6,0.023416
2019-11-17 12:20:49.968,8540.6,0.724894
2019-11-17 12:20:50.061,8540.62,0.092723
2019-11-17 12:20:50.081,8540.62,0.001064
2019-11-17 12:20:50.081,8540.6,0.001278
2019-11-17 12:20:50.700,8540.72,0.092678
2019-11-17 12:20:50.704,8540.72,0.092723
2019-11-17 12:20:50.711,8540.72,0.092723
2019-11-17 12:20:50.716,8540.72,0.092678
2019-11-17 12:20:50.781,8540.69,0.051465
2019-11-17 12:20:50.781,8540.63,0.041258
2019-11-17 12:20:50.784,8541.1,0.023409
2019-11-17 12:20:51.092,8541.79,0.023409
2019-11-17 12:20:51.327,8540.64,0.023416
2019-11-17 12:20:51.327,8540.62,0.069307
2019-11-17 12:20:51.558,8540.66,0.023414
2019-11-17 12:20:51.558,8540.65,0.036623
2019-11-17 12:20:51.717,8540.69,0.01286
2019-11-17 12:20:52.088,8541.24,0.019434
2019-11-17 12:20:52.091,8540.84,0.011825
2019-11-17 12:20:52.256,8540.84,0.011585
2019-11-17 12:20:52.463,8540.84,4e-06
2019-11-17 12:20:52.463,8540.65,0.001181
2019-11-17 12:20:52.629,8540.66,0.03278
2019-11-17 12:20:52.629,8540.65,0.041289
2019-11-17 12:20:52.629,8540.61,0.018654
2019-11-17 12:20:53.212,8541.49,0.046092
2019-11-17 12:20:53.297,8540.61,0.060001
2019-11-17 12:20:53.298,8541.46,0.053258
2019-11-17 12:20:53.609,8541.39,0.005077
2019-11-17 12:20:53.898,8540.63,0.002538
2019-11-17 12:20:54.215,8540.63,0.002342
2019-11-17 12:20:54.461,8540.63,0.088831
2019-11-17 12:20:54.461,8540.61,0.034671
2019-11-17 12:20:54.464,8540.61,0.040899
2019-11-17 12:20:54.464,8540.55,0.047912
2019-11-17 12:20:54.550,8540.55,2e-05
2019-11-17 12:20:54.662,8539.93,0.0456
2019-11-17 12:20:54.672,8541.26,0.020458
2019-11-17 12:20:55.004,8538.44,0.002342
2019-11-17 12:20:55.006,8539.79,0.200647
2019-11-17 12:20:55.308,8540.72,0.003771
2019-11-17 12:20:55.311,8538.44,0.002342
2019-11-17 12:20:55.425,8540.64,0.003988
2019-11-17 12:20:55.457,8538.44,0.001397
2019-11-17 12:20:55.526,8538.44,0.060508
2019-11-17 12:20:55.526,8538.35,0.022816
2019-11-17 12:20:57.313,8539.4,0.001651
2019-11-17 12:20:57.539,8538.08,0.05428
2019-11-17 12:20:57.680,8538.49,0.079213
2019-11-17 12:20:58.787,8538.56,0.017789
2019-11-17 12:20:59.107,8539.25,0.021656
2019-11-17 12:20:59.211,8539.25,0.050288
2019-11-17 12:20:59.284,8539.25,9e-06
2019-11-17 12:20:59.284,8539.27,0.237305
2019-11-17 12:20:59.284,8539.36,0.241415
2019-11-17 12:20:59.330,8538.57,0.037885
2019-11-17 12:20:59.330,8538.57,0.022143
2019-11-17 12:20:59.693,8541.18,0.152543
2019-11-17 12:20:59.693,8541.25,0.133174
2019-11-17 12:21:00.158,8540.94,0.054187
2019-11-17 12:21:00.253,8540.94,0.037861
2019-11-17 12:21:00.288,8540.94,3e-06
2019-11-17 12:21:00.288,8541.0,0.013577
2019-11-17 12:21:00.365,8540.96,0.051695
2019-11-17 12:21:00.468,8540.96,0.004313
2019-11-17 12:21:00.987,8539.15,0.060013
2019-11-17 12:21:01.560,8540.96,1e-05
2019-11-17 12:21:01.560,8541.0,0.011815
2019-11-17 12:21:01.629,8540.97,0.053356
2019-11-17 12:21:01.631,8539.2,0.023672
2019-11-17 12:21:01.661,8539.2,0.001378
2019-11-17 12:21:01.735,8540.97,0.004217
2019-11-17 12:21:02.618,8539.36,0.060037
2019-11-17 12:21:04.220,8539.89,0.042149
2019-11-17 12:21:04.220,8539.88,0.017866
2019-11-17 12:21:05.864,8539.79,0.051516
2019-11-17 12:21:05.864,8539.78,0.008536
2019-11-17 12:21:07.447,8539.85,0.060022
2019-11-17 12:21:07.882,8540.32,0.211124
2019-11-17 12:21:08.013,8540.99,0.04866
2019-11-17 12:21:08.127,8540.99,0.04965
2019-11-17 12:21:08.221,8540.99,0.003227
2019-11-17 12:21:09.073,8539.87,0.060036
2019-11-17 12:21:09.318,8539.87,0.091789
2019-11-17 12:21:09.318,8539.84,0.083652
2019-11-17 12:21:09.318,8539.17,0.03
2019-11-17 12:21:09.318,8539.16,0.805392
2019-11-17 12:21:09.507,8540.94,0.030512
2019-11-17 12:21:09.886,8538.63,0.001299
2019-11-17 12:21:11.352,8540.23,0.021656
2019-11-17 12:21:11.575,8540.23,0.043312
2019-11-17 12:21:11.674,8540.23,0.057129
2019-11-17 12:21:11.891,8540.23,8e-06
2019-11-17 12:21:11.891,8540.31,0.040929
2019-11-17 12:21:11.891,8540.42,0.244787
2019-11-17 12:21:12.450,8540.2,0.0136
2019-11-17 12:21:12.698,8539.1,0.195888
2019-11-17 12:21:13.398,8538.92,0.150261
2019-11-17 12:21:14.444,8540.23,0.01
2019-11-17 12:21:14.906,8540.21,0.02014
2019-11-17 12:21:15.143,8538.92,0.060026
2019-11-17 12:21:15.331,8539.62,0.232725
2019-11-17 12:21:15.333,8540.21,0.04433
2019-11-17 12:21:16.099,8539.51,0.00132
2019-11-17 12:21:16.283,8539.51,0.154771
2019-11-17 12:21:16.283,8539.49,0.3
2019-11-17 12:21:16.283,8539.46,0.144729
2019-11-17 12:21:16.755,8540.0,0.006039
2019-11-17 12:21:16.884,8539.11,0.06004
2019-11-17 12:21:17.953,8539.24,0.030159
2019-11-17 12:21:17.953,8539.98,0.0047
2019-11-17 12:21:18.228,8539.93,0.006649
2019-11-17 12:21:18.617,8539.24,0.030159
2019-11-17 12:21:18.617,8538.94,0.029863
2019-11-17 12:21:19.476,8539.87,0.053722
2019-11-17 12:21:20.008,8539.33,0.001516
2019-11-17 12:21:20.349,8539.39,0.060037
2019-11-17 12:21:21.065,8539.97,0.003376
2019-11-17 12:21:21.814,8539.66,0.09219
2019-11-17 12:21:22.070,8539.42,0.060003
2019-11-17 12:21:23.364,8539.99,0.019346
2019-11-17 12:21:23.794,8539.62,0.060023
2019-11-17 12:21:24.028,8539.99,0.041544
2019-11-17 12:21:24.028,8540.0,2.7e-05
2019-11-17 12:21:24.028,8540.23,0.01944
2019-11-17 12:21:24.028,8540.97,0.224721
2019-11-17 12:21:24.299,8539.8,0.001293
2019-11-17 12:21:24.588,8540.8,0.013579
2019-11-17 12:21:25.509,8539.76,0.06004
2019-11-17 12:21:25.954,8539.59,0.054012
2019-11-17 12:21:25.954,8539.58,0.239753
2019-11-17 12:21:26.605,8540.21,0.071472
2019-11-17 12:21:27.270,8539.51,0.033178
2019-11-17 12:21:27.270,8539.5,0.026871
2019-11-17 12:21:27.742,8540.31,0.00143
2019-11-17 12:21:28.754,8540.31,1e-06
2019-11-17 12:21:28.754,8540.31,0.011457
2019-11-17 12:21:29.032,8539.51,0.02091
2019-11-17 12:21:29.032,8539.45,0.039094
2019-11-17 12:21:29.177,8540.31,0.011943
2019-11-17 12:21:29.265,8540.31,1.8e-05
2019-11-17 12:21:29.265,8540.32,0.011925
2019-11-17 12:21:29.383,8540.3,0.136724
2019-11-17 12:21:29.481,8539.46,0.002307
2019-11-17 12:21:29.494,8540.29,0.101638
2019-11-17 12:21:29.751,8540.29,1.3e-05
2019-11-17 12:21:29.906,8540.31,0.207684
2019-11-17 12:21:30.006,8540.31,0.024894
2019-11-17 12:21:30.498,8540.31,0.001397
2019-11-17 12:21:30.682,8540.31,0.097618
2019-11-17 12:21:30.720,8540.31,0.060002
2019-11-17 12:21:31.291,8540.32,0.185438
2019-11-17 12:21:32.411,8540.34,0.023416
2019-11-17 12:21:32.411,8540.31,0.03663
2019-11-17 12:21:33.153,8540.35,0.00229
2019-11-17 12:21:33.782,8540.35,0.021126
2019-11-17 12:21:33.782,8540.34,0.071618
2019-11-17 12:21:33.814,8540.34,0.016181
2019-11-17 12:21:33.814,8540.31,0.00494
2019-11-17 12:21:33.883,8540.35,0.032783
2019-11-17 12:21:33.883,8540.31,0.059961
2019-11-17 12:21:33.933,8540.32,0.032731
2019-11-17 12:21:34.115,8540.32,5.2e-05
2019-11-17 12:21:34.115,8540.31,0.05996
2019-11-17 12:21:34.235,8540.32,0.042103
2019-11-17 12:21:34.643,8540.32,4.6e-05
2019-11-17 12:21:34.643,8540.31,0.033301
2019-11-17 12:21:34.643,8540.31,0.036211
2019-11-17 12:21:35.286,8540.32,0.051517
2019-11-17 12:21:35.286,8540.31,0.041227
2019-11-17 12:21:35.712,8540.84,0.023416
2019-11-17 12:21:35.712,8541.0,0.262287
2019-11-17 12:21:35.825,8540.33,0.039073
2019-11-17 12:21:35.825,8540.31,0.020942
2019-11-17 12:21:35.878,8540.31,0.092744
2019-11-17 12:21:36.706,8540.33,0.041264
2019-11-17 12:21:36.718,8540.97,0.001524
2019-11-17 12:21:36.724,8540.33,0.001294
2019-11-17 12:21:36.735,8540.97,0.0136
2019-11-17 12:21:36.987,8540.33,0.018325
2019-11-17 12:21:36.987,8540.32,0.074419
2019-11-17 12:21:37.138,8540.32,0.00699
2019-11-17 12:21:37.470,8540.32,0.060033
2019-11-17 12:21:37.488,8540.32,0.092744
2019-11-17 12:21:38.037,8540.31,0.065794
2019-11-17 12:21:39.117,8540.33,0.060006
2019-11-17 12:21:39.427,8540.99,0.012685
2019-11-17 12:21:39.520,8540.76,0.103086
2019-11-17 12:21:39.583,8540.99,0.057548
2019-11-17 12:21:39.726,8540.99,1.6e-05
2019-11-17 12:21:39.726,8541.0,1.70871
2019-11-17 12:21:39.961,8540.99,0.08709
2019-11-17 12:21:40.044,8540.99,0.071038
2019-11-17 12:21:40.769,8540.38,0.023416
2019-11-17 12:21:40.769,8540.37,0.036611
2019-11-17 12:21:41.300,8541.0,0.003611
2019-11-17 12:21:42.128,8540.72,0.134332
2019-11-17 12:21:42.262,8541.09,0.001856
2019-11-17 12:21:42.412,8540.48,0.032782
2019-11-17 12:21:42.412,8540.47,0.02723
2019-11-17 12:21:43.845,8540.5,0.0041
2019-11-17 12:21:44.069,8540.5,0.060057
2019-11-17 12:21:44.794,8540.5,0.011358
2019-11-17 12:21:44.930,8540.87,0.001344
2019-11-17 12:21:45.725,8540.48,0.032782
2019-11-17 12:21:45.725,8540.31,0.027239
2019-11-17 12:21:45.800,8540.9,0.001994
2019-11-17 12:21:45.976,8540.9,0.030776
2019-11-17 12:21:46.382,8540.34,0.04215
2019-11-17 12:21:46.382,8540.33,0.050572
2019-11-17 12:21:47.413,8540.36,0.042149
2019-11-17 12:21:47.413,8540.35,0.017865
2019-11-17 12:21:47.478,8540.36,0.051515
2019-11-17 12:21:47.478,8540.35,0.028356
2019-11-17 12:21:47.478,8540.33,0.249428
2019-11-17 12:21:47.478,8540.33,0.054012
2019-11-17 12:21:47.478,8540.31,0.08044
2019-11-17 12:21:47.589,8540.82,0.240254
2019-11-17 12:21:47.686,8540.31,0.004683
2019-11-17 12:21:47.878,8540.31,0.0041
2019-11-17 12:21:48.002,8541.07,0.007238
2019-11-17 12:21:48.078,8540.31,0.092735
2019-11-17 12:21:48.405,8540.31,0.024462
2019-11-17 12:21:48.489,8541.0,0.04215
2019-11-17 12:21:48.489,8541.01,0.243545
2019-11-17 12:21:48.738,8540.32,0.060882
2019-11-17 12:21:48.738,8540.31,0.031853
2019-11-17 12:21:49.066,8540.98,0.013607
2019-11-17 12:21:49.107,8540.31,0.060009
2019-11-17 12:21:49.256,8540.98,0.002334
2019-11-17 12:21:50.394,8540.31,0.092735
2019-11-17 12:21:50.812,8540.31,0.060033
2019-11-17 12:21:51.153,8541.06,0.001404
2019-11-17 12:21:51.383,8541.06,0.001343
2019-11-17 12:21:51.729,8541.06,0.058135
2019-11-17 12:21:51.729,8541.07,0.110819
2019-11-17 12:21:51.729,8541.07,0.108524
2019-11-17 12:21:51.730,8541.07,0.058135
2019-11-17 12:21:51.824,8541.06,0.1002
2019-11-17 12:21:51.950,8540.32,0.100539
2019-11-17 12:21:51.950,8540.32,0.060882
2019-11-17 12:21:51.950,8540.31,0.036579
2019-11-17 12:21:51.998,8540.64,0.176644
2019-11-17 12:21:52.491,8540.32,0.060882
2019-11-17 12:21:52.491,8540.32,0.031853
2019-11-17 12:21:52.511,8540.32,0.029913
2019-11-17 12:21:52.511,8540.31,0.030087
2019-11-17 12:21:54.025,8541.08,0.02167
2019-11-17 12:21:54.236,8540.31,0.060055
2019-11-17 12:21:54.383,8540.31,0.092735
2019-11-17 12:21:54.662,8541.06,0.048377
2019-11-17 12:21:54.662,8541.09,0.018093
2019-11-17 12:21:54.664,8541.09,0.210879
2019-11-17 12:21:54.664,8541.1,0.001237
2019-11-17 12:21:54.664,8541.45,0.006153
2019-11-17 12:21:54.666,8541.45,0.048377
2019-11-17 12:21:54.671,8541.45,0.228972
2019-11-17 12:21:54.756,8540.31,0.0025
2019-11-17 12:21:55.699,8540.31,0.042835
2019-11-17 12:21:55.959,8540.31,2e-06
2019-11-17 12:21:55.959,8540.0,0.060043
2019-11-17 12:21:57.348,8540.01,0.001371
2019-11-17 12:21:57.716,8540.01,0.060022
2019-11-17 12:21:58.129,8540.01,0.06866
2019-11-17 12:21:58.129,8540.0,0.024085
2019-11-17 12:21:58.131,8540.0,0.092745
2019-11-17 12:21:58.151,8540.0,0.421991
2019-11-17 12:21:58.484,8540.79,0.059942
2019-11-17 12:21:58.553,8540.74,0.040293
2019-11-17 12:21:58.934,8539.22,0.060006
2019-11-17 12:21:58.979,8539.22,0.06071
2019-11-17 12:21:58.979,8539.19,0.032035
2019-11-17 12:21:58.994,8540.62,0.092456
2019-11-17 12:21:59.070,8539.21,0.074227
2019-11-17 12:21:59.070,8539.18,0.018518
2019-11-17 12:21:59.140,8539.22,0.081249
2019-11-17 12:21:59.140,8539.17,0.011496
2019-11-17 12:21:59.173,8539.87,0.239962
2019-11-17 12:21:59.198,8539.66,0.011593
2019-11-17 12:21:59.442,8539.18,0.054899
2019-11-17 12:21:59.442,8539.16,0.037846
2019-11-17 12:21:59.571,8539.15,0.092745
2019-11-17 12:21:59.603,8539.15,0.092745
2019-11-17 12:21:59.955,8539.14,0.002101
2019-11-17 12:22:00.049,8539.14,0.02232
2019-11-17 12:22:00.049,8539.1,0.058832
2019-11-17 12:22:00.152,8539.1,0.060014
2019-11-17 12:22:00.180,8539.1,0.11005
2019-11-17 12:22:00.638,8539.0,0.092745
2019-11-17 12:22:00.643,8539.0,0.092745
2019-11-17 12:22:00.675,8539.99,0.255283
2019-11-17 12:22:00.675,8540.01,0.030445
2019-11-17 12:22:00.812,8539.01,0.092745
2019-11-17 12:22:01.033,8539.01,0.021128
2019-11-17 12:22:01.052,8539.01,1.5e-05
2019-11-17 12:22:01.052,8539.0,0.09273
2019-11-17 12:22:01.110,8539.0,0.091823
2019-11-17 12:22:01.244,8539.9,0.01361
2019-11-17 12:22:01.341,8539.9,0.002321
2019-11-17 12:22:01.385,8539.0,0.060033
2019-11-17 12:22:01.472,8539.0,0.001302
2019-11-17 12:22:01.912,8539.89,0.005848
2019-11-17 12:22:01.925,8539.07,0.069945
2019-11-17 12:22:01.925,8539.06,0.0228
2019-11-17 12:22:02.158,8539.89,0.002652
2019-11-17 12:22:02.265,8539.11,0.092745
2019-11-17 12:22:02.339,8539.89,0.014348
2019-11-17 12:22:02.435,8539.89,0.074806
2019-11-17 12:22:02.606,8539.27,0.060022
2019-11-17 12:22:02.695,8539.54,0.227135
2019-11-17 12:22:02.874,8539.27,0.021075
2019-11-17 12:22:02.874,8539.26,0.0087
2019-11-17 12:22:02.874,8539.15,0.043479
2019-11-17 12:22:02.874,8539.09,0.019491
2019-11-17 12:22:02.935,8539.19,0.026697
2019-11-17 12:22:02.935,8539.09,0.007698
2019-11-17 12:22:03.128,8539.89,2.3e-05
2019-11-17 12:22:03.271,8540.5,0.002056
2019-11-17 12:22:03.414,8540.5,0.025834
2019-11-17 12:22:03.414,8539.13,0.016396
2019-11-17 12:22:03.414,8539.09,0.050515
2019-11-17 12:22:03.506,8539.13,0.010069
2019-11-17 12:22:03.506,8539.09,0.082676
2019-11-17 12:22:03.515,8539.09,0.092745
2019-11-17 12:22:03.550,8539.12,0.001307
2019-11-17 12:22:03.569,8539.12,0.004865
2019-11-17 12:22:03.569,8539.09,0.0531
2019-11-17 12:22:03.849,8539.11,0.005671
2019-11-17 12:22:03.849,8539.09,0.054375
2019-11-17 12:22:04.168,8539.0,0.446944
2019-11-17 12:22:04.168,8538.92,2.153056
2019-11-17 12:22:04.299,8538.92,0.092735
2019-11-17 12:22:04.450,8538.92,0.092735
2019-11-17 12:22:04.621,8538.92,0.027409
2019-11-17 12:22:04.723,8538.92,0.092735
2019-11-17 12:22:04.827,8538.92,0.009825
2019-11-17 12:22:04.883,8538.92,0.092735
2019-11-17 12:22:04.939,8538.92,0.001995
2019-11-17 12:22:04.974,8538.92,0.092689
2019-11-17 12:22:05.080,8538.92,0.089679
2019-11-17 12:22:05.080,8538.01,0.003056
2019-11-17 12:22:05.082,8538.01,0.092735
2019-11-17 12:22:05.261,8540.0,0.003074
2019-11-17 12:22:05.367,8539.87,0.174775
2019-11-17 12:22:06.048,8539.38,0.0075
2019-11-17 12:22:06.127,8538.68,0.117002
2019-11-17 12:22:06.187,8539.35,0.002311
2019-11-17 12:22:06.264,8539.34,0.008
2019-11-17 12:22:06.363,8539.3,0.016
2019-11-17 12:22:06.428,8538.02,0.050344
2019-11-17 12:22:06.609,8538.02,0.019156
2019-11-17 12:22:07.726,8538.02,5.9e-05
2019-11-17 12:22:07.726,8538.01,0.202402
2019-11-17 12:22:07.738,8539.04,0.001963
2019-11-17 12:22:08.391,8538.72,0.086696
2019-11-17 12:22:08.492,8538.66,0.002334
2019-11-17 12:22:08.885,8538.0,0.00236
2019-11-17 12:22:08.885,8537.22,0.001464
2019-11-17 12:22:08.885,8536.89,0.056247
2019-11-17 12:22:08.885,8536.89,0.003195
2019-11-17 12:22:08.982,8537.44,0.126601
2019-11-17 12:22:09.153,8538.34,0.0867
2019-11-17 12:22:09.267,8538.32,0.086696
2019-11-17 12:22:09.353,8538.28,0.073757
2019-11-17 12:22:09.462,8538.24,0.012939
2019-11-17 12:22:09.713,8537.37,0.01113
2019-11-17 12:22:09.791,8536.9,0.001332
2019-11-17 12:22:10.150,8538.08,0.073405
2019-11-17 12:22:10.951,8537.96,0.002385
2019-11-17 12:22:11.318,8537.57,0.003851
2019-11-17 12:22:11.835,8537.98,0.156204
2019-11-17 12:22:12.061,8538.62,0.073561
2019-11-17 12:22:12.062,8537.83,0.0012
2019-11-17 12:22:12.080,8538.62,0.002339
2019-11-17 12:22:12.207,8538.22,0.065244
2019-11-17 12:22:12.507,8538.69,0.086696
2019-11-17 12:22:12.620,8538.47,0.017429
2019-11-17 12:22:12.732,8538.53,0.051582
2019-11-17 12:22:12.779,8538.69,0.007122
2019-11-17 12:22:12.842,8538.69,0.016796
2019-11-17 12:22:12.852,8538.69,0.028396
2019-11-17 12:22:12.871,8538.72,0.106005
2019-11-17 12:22:12.871,8540.04,0.17977
2019-11-17 12:22:12.919,8538.69,0.047986
2019-11-17 12:22:12.919,8538.58,0.012072
2019-11-17 12:22:12.935,8538.58,0.04541
2019-11-17 12:22:13.032,8538.58,0.011617
2019-11-17 12:22:13.062,8539.89,0.053579
2019-11-17 12:22:13.451,8539.72,0.013579
2019-11-17 12:22:14.041,8537.64,0.060062
2019-11-17 12:22:14.946,8539.17,0.02529
2019-11-17 12:22:15.223,8537.4,0.06201
2019-11-17 12:22:15.581,8538.75,0.009625
2019-11-17 12:22:15.967,8537.75,0.001333
2019-11-17 12:22:16.290,8538.65,0.060007
2019-11-17 12:22:16.417,8538.66,0.050625
2019-11-17 12:22:16.612,8538.66,0.045305
2019-11-17 12:22:16.723,8538.66,0.003003
2019-11-17 12:22:16.815,8538.65,0.026962
2019-11-17 12:22:16.815,8538.65,0.021876
2019-11-17 12:22:16.940,8538.65,0.003535
2019-11-17 12:22:17.177,8538.4,0.042138
2019-11-17 12:22:17.387,8538.05,0.023422
2019-11-17 12:22:17.387,8538.04,0.036653
2019-11-17 12:22:17.773,8538.65,0.023422
2019-11-17 12:22:17.773,8538.66,0.023481
2019-11-17 12:22:17.886,8538.67,0.053548
2019-11-17 12:22:18.004,8538.67,0.001981
2019-11-17 12:22:18.484,8538.23,0.023422
2019-11-17 12:22:18.484,8538.22,0.036586
2019-11-17 12:22:18.944,8538.65,0.052941
2019-11-17 12:22:19.053,8538.65,0.027413
2019-11-17 12:22:19.590,8538.23,0.023422
2019-11-17 12:22:19.590,8537.6,0.036594
2019-11-17 12:22:19.881,8538.64,0.03578
2019-11-17 12:22:19.999,8538.63,0.05473
2019-11-17 12:22:20.078,8538.63,0.047158
2019-11-17 12:22:20.197,8538.63,0.048213
2019-11-17 12:22:20.647,8538.24,0.032792
2019-11-17 12:22:20.647,8537.7,0.027216
2019-11-17 12:22:21.189,8538.61,0.011318
2019-11-17 12:22:21.731,8537.93,0.05153
2019-11-17 12:22:21.731,8536.89,0.008499
2019-11-17 12:22:21.780,8536.54,0.001994
2019-11-17 12:22:22.133,8538.33,0.004023
2019-11-17 12:22:23.322,8537.48,0.109215
2019-11-17 12:22:23.495,8537.97,0.066886
2019-11-17 12:22:23.504,8537.61,0.131822
2019-11-17 12:22:23.827,8537.97,0.007
2019-11-17 12:22:23.860,8537.26,0.047
2019-11-17 12:22:24.085,8537.92,0.001424
2019-11-17 12:22:24.191,8536.98,0.001304
2019-11-17 12:22:24.226,8537.19,0.060067
2019-11-17 12:22:24.519,8537.83,0.002311
2019-11-17 12:22:24.584,8537.82,0.142514
2019-11-17 12:22:24.584,8537.83,0.143288
2019-11-17 12:22:24.895,8537.79,0.173512
2019-11-17 12:22:25.032,8537.79,0.04703
2019-11-17 12:22:25.060,8537.11,0.06002
2019-11-17 12:22:25.139,8537.79,0.041024
2019-11-17 12:22:25.160,8537.79,0.013612
2019-11-17 12:22:25.619,8537.79,1.724822
2019-11-17 12:22:25.897,8537.3,0.060113
2019-11-17 12:22:26.431,8538.1,0.096636
2019-11-17 12:22:26.518,8538.1,0.00234
2019-11-17 12:22:26.619,8538.1,0.012525
2019-11-17 12:22:26.779,8537.35,0.060077
2019-11-17 12:22:27.376,8538.16,0.004514
2019-11-17 12:22:27.536,8538.16,0.086396
2019-11-17 12:22:27.540,8537.68,0.075043
2019-11-17 12:22:27.665,8537.52,0.060027
2019-11-17 12:22:28.306,8537.79,0.002037
2019-11-17 12:22:28.532,8537.79,0.060025
2019-11-17 12:22:29.395,8537.79,0.028871
2019-11-17 12:22:29.395,8537.75,0.001348
2019-11-17 12:22:29.395,8537.74,0.02983
2019-11-17 12:22:30.203,8537.42,0.002939
2019-11-17 12:22:30.203,8537.03,0.055863
2019-11-17 12:22:30.203,8536.96,0.001348
2019-11-17 12:22:30.419,8537.06,0.001405
2019-11-17 12:22:30.577,8538.75,0.027665
2019-11-17 12:22:30.992,8537.06,0.032892
2019-11-17 12:22:30.992,8536.96,0.027115
2019-11-17 12:22:31.110,8538.45,0.011709
2019-11-17 12:22:31.454,8536.96,0.023059
2019-11-17 12:22:31.785,8536.96,9e-06
2019-11-17 12:22:31.785,8536.73,0.031751
2019-11-17 12:22:31.785,8536.71,0.028292
2019-11-17 12:22:31.875,8536.71,0.112619
2019-11-17 12:22:31.984,8536.71,0.014908
2019-11-17 12:22:32.201,8536.72,0.023922
2019-11-17 12:22:32.583,8536.72,0.055722
2019-11-17 12:22:32.583,8536.71,0.004376
2019-11-17 12:22:32.590,8537.16,0.079942
2019-11-17 12:22:32.724,8537.15,0.023499
2019-11-17 12:22:33.364,8536.72,0.060014
2019-11-17 12:22:34.146,8536.72,0.029008
2019-11-17 12:22:34.146,8536.29,0.018711
2019-11-17 12:22:34.146,8535.61,0.009991
2019-11-17 12:22:34.146,8535.55,0.002301
2019-11-17 12:22:34.641,8536.83,0.006732
2019-11-17 12:22:34.868,8535.78,0.060162
2019-11-17 12:22:35.143,8536.62,0.062099
2019-11-17 12:22:35.266,8536.6,0.0548
2019-11-17 12:22:35.345,8536.38,0.059027
2019-11-17 12:22:35.531,8536.46,0.002343
2019-11-17 12:22:35.593,8535.77,0.060075
2019-11-17 12:22:36.311,8535.69,0.060116
2019-11-17 12:22:36.624,8535.69,0.001415
2019-11-17 12:22:36.733,8536.44,0.28585
2019-11-17 12:22:37.036,8535.69,0.060033
2019-11-17 12:22:37.574,8536.39,0.018
2019-11-17 12:22:37.666,8535.69,0.178436
2019-11-17 12:22:37.666,8535.69,0.00234
2019-11-17 12:22:37.666,8535.55,0.009414
2019-11-17 12:22:37.709,8535.89,0.089186
2019-11-17 12:22:37.737,8536.37,0.002343
2019-11-17 12:22:37.753,8536.37,0.013612
2019-11-17 12:22:38.509,8535.01,0.05
2019-11-17 12:22:38.905,8535.01,0.017515
2019-11-17 12:22:38.905,8535.0,0.134114
2019-11-17 12:22:39.559,8535.99,0.019
2019-11-17 12:22:39.641,8535.01,0.048109
2019-11-17 12:22:39.641,8535.0,0.011911
2019-11-17 12:22:39.706,8535.0,0.036882
2019-11-17 12:22:40.372,8535.0,0.060031
2019-11-17 12:22:41.100,8535.0,0.060112
2019-11-17 12:22:41.831,8535.0,0.060083
2019-11-17 12:22:42.569,8535.0,0.06011
2019-11-17 12:22:42.655,8535.23,0.05249
2019-11-17 12:22:42.814,8535.0,0.001386
2019-11-17 12:22:43.196,8535.64,0.100392
2019-11-17 12:22:43.262,8535.0,0.060035
2019-11-17 12:22:43.400,8535.0,0.06975
2019-11-17 12:22:43.415,8535.64,0.047049
2019-11-17 12:22:43.489,8535.0,0.036882
2019-11-17 12:22:43.515,8535.0,0.015812
2019-11-17 12:22:43.524,8535.64,0.01424
2019-11-17 12:22:43.616,8535.64,0.01424
2019-11-17 12:22:43.712,8535.63,0.035643
2019-11-17 12:22:43.956,8535.0,0.060041
2019-11-17 12:22:44.013,8535.0,0.036882
2019-11-17 12:22:44.330,8535.62,0.001424
2019-11-17 12:22:44.642,8535.0,0.060047
2019-11-17 12:22:44.884,8535.62,0.025919
2019-11-17 12:22:45.109,8535.0,0.036882
2019-11-17 12:22:45.320,8535.0,0.060073
2019-11-17 12:22:45.340,8535.0,0.036882
2019-11-17 12:22:45.710,8535.0,0.036303
2019-11-17 12:22:45.805,8535.0,0.036303
2019-11-17 12:22:45.912,8535.0,0.036303
2019-11-17 12:22:45.987,8535.38,0.107212
2019-11-17 12:22:46.001,8535.0,0.060125
2019-11-17 12:22:46.022,8535.0,0.036303
2019-11-17 12:22:46.111,8535.0,0.041019
2019-11-17 12:22:46.407,8535.01,0.001515
2019-11-17 12:22:46.422,8535.01,0.000823
2019-11-17 12:22:46.646,8535.0,0.060093
2019-11-17 12:22:46.683,8535.0,0.041019
2019-11-17 12:22:46.933,8535.41,0.2166
2019-11-17 12:22:47.015,8535.41,0.0471
2019-11-17 12:22:47.298,8535.0,0.060055
2019-11-17 12:22:47.596,8535.39,0.0548
2019-11-17 12:22:47.747,8535.0,0.036303
2019-11-17 12:22:47.795,8535.36,0.002132
2019-11-17 12:22:47.950,8535.0,0.060036
2019-11-17 12:22:48.212,8535.01,0.010247
2019-11-17 12:22:48.227,8535.01,1.7e-05
2019-11-17 12:22:48.406,8535.0,0.041019
2019-11-17 12:22:48.414,8535.0,0.036303
2019-11-17 12:22:48.415,8535.0,0.036303
2019-11-17 12:22:48.545,8535.36,0.049716
2019-11-17 12:22:48.555,8535.0,0.060059
2019-11-17 12:22:48.606,8535.36,0.011833
2019-11-17 12:22:48.637,8535.36,0.018284
2019-11-17 12:22:48.853,8535.36,0.285887
2019-11-17 12:22:49.024,8535.0,0.001382
2019-11-17 12:22:49.045,8535.0,0.044733
2019-11-17 12:22:49.137,8535.22,0.213495
2019-11-17 12:22:49.166,8535.0,0.060063
2019-11-17 12:22:49.389,8535.36,0.013613
2019-11-17 12:22:49.778,8535.0,0.060122
2019-11-17 12:22:50.398,8535.0,0.060076
2019-11-17 12:22:50.508,8535.0,0.011594
2019-11-17 12:22:50.607,8535.01,0.002309
2019-11-17 12:22:51.003,8535.0,0.060037
2019-11-17 12:22:51.017,8535.0,0.038451
2019-11-17 12:22:51.618,8535.0,0.060056
2019-11-17 12:22:52.240,8535.0,0.060022
2019-11-17 12:22:52.299,8535.01,0.010803
2019-11-17 12:22:52.850,8535.0,0.060125
2019-11-17 12:22:52.926,8535.0,0.218676
2019-11-17 12:22:53.112,8535.01,0.029767
2019-11-17 12:22:53.451,8535.0,0.040709
2019-11-17 12:22:53.472,8535.0,0.060105
2019-11-17 12:22:54.078,8535.0,0.060031
2019-11-17 12:22:54.687,8535.0,0.06004
2019-11-17 12:22:55.138,8535.0,0.008189
2019-11-17 12:22:55.243,8535.0,0.060096
2019-11-17 12:22:55.444,8535.0,0.257474
2019-11-17 12:22:55.547,8535.0,0.023137
2019-11-17 12:22:55.797,8535.0,0.060131
2019-11-17 12:22:55.858,8535.0,2.05929
2019-11-17 12:22:55.858,8534.63,0.004716
2019-11-17 12:22:55.858,8533.09,0.05
2019-11-17 12:22:55.858,8533.06,0.01
2019-11-17 12:22:55.858,8533.06,0.00909
2019-11-17 12:22:55.858,8532.7,0.4
2019-11-17 12:22:55.858,8532.26,0.5
2019-11-17 12:22:55.858,8532.26,0.03
2019-11-17 12:22:55.858,8532.21,0.5
2019-11-17 12:22:55.858,8531.92,0.485375
2019-11-17 12:22:55.858,8531.92,2.0
2019-11-17 12:22:55.858,8531.91,1.661371
2019-11-17 12:22:55.858,8531.89,0.512151
2019-11-17 12:22:55.858,8531.26,0.4
2019-11-17 12:22:55.858,8531.25,0.029304
2019-11-17 12:22:55.858,8531.24,0.034454
2019-11-17 12:22:55.858,8531.08,0.009976
2019-11-17 12:22:55.858,8531.08,0.002015
2019-11-17 12:22:55.858,8531.08,0.001414
2019-11-17 12:22:55.858,8531.08,0.009655
2019-11-17 12:22:55.858,8531.08,0.002015
2019-11-17 12:22:55.858,8531.08,0.001414
2019-11-17 12:22:55.858,8531.08,0.002015
2019-11-17 12:22:55.858,8531.08,0.001414
2019-11-17 12:22:55.858,8531.08,0.002015
2019-11-17 12:22:55.858,8531.08,0.001414
2019-11-17 12:22:55.858,8531.08,0.001858
2019-11-17 12:22:55.858,8531.08,0.001414
2019-11-17 12:22:55.858,8531.08,0.001414
2019-11-17 12:22:55.858,8531.08,0.000559
2019-11-17 12:22:55.858,8531.07,23.27624
2019-11-17 12:22:55.858,8531.06,0.025778
2019-11-17 12:22:56.080,8534.77,0.02922
2019-11-17 12:22:56.091,8531.32,0.002343
2019-11-17 12:22:56.173,8534.49,0.003194
2019-11-17 12:22:56.609,8534.15,0.043095
2019-11-17 12:22:57.002,8533.78,0.279057
2019-11-17 12:22:57.002,8533.79,0.233293
2019-11-17 12:22:57.002,8533.84,0.098777
2019-11-17 12:22:57.228,8532.11,0.023436
2019-11-17 12:22:57.228,8532.1,0.104697
2019-11-17 12:22:57.231,8532.1,0.001302
2019-11-17 12:22:57.434,8533.68,0.001424
2019-11-17 12:22:57.660,8533.52,0.002335
2019-11-17 12:22:57.828,8532.77,0.111999
2019-11-17 12:22:57.853,8532.11,0.023436
2019-11-17 12:22:57.853,8531.14,0.036648
2019-11-17 12:22:57.985,8533.29,0.001467
2019-11-17 12:22:58.497,8533.01,0.009672
2019-11-17 12:22:59.849,8531.58,0.077545
2019-11-17 12:22:59.849,8531.55,0.045764
2019-11-17 12:22:59.849,8531.15,0.06818
2019-11-17 12:23:00.068,8532.55,0.031157
2019-11-17 12:23:00.249,8532.02,0.08484
2019-11-17 12:23:00.935,8532.39,0.285984
2019-11-17 12:23:01.180,8531.24,0.07932
2019-11-17 12:23:01.180,8531.23,0.047417
2019-11-17 12:23:01.479,8532.31,0.01362
2019-11-17 12:23:01.795,8531.24,0.048726
2019-11-17 12:23:01.795,8531.06,0.011392
2019-11-17 12:23:01.844,8532.21,0.009257
2019-11-17 12:23:02.410,8531.06,0.060082
2019-11-17 12:23:02.551,8532.07,0.054155
2019-11-17 12:23:02.585,8532.07,0.177787
2019-11-17 12:23:02.585,8532.07,0.667284
2019-11-17 12:23:02.650,8532.06,0.013834
2019-11-17 12:23:03.028,8531.11,0.060126
2019-11-17 12:23:03.172,8532.08,0.057157
2019-11-17 12:23:03.466,8533.1,0.001365
2019-11-17 12:23:03.544,8532.48,0.315491
2019-11-17 12:23:03.639,8531.31,0.060056
2019-11-17 12:23:03.934,8533.1,0.022071
2019-11-17 12:23:03.934,8533.31,0.004983
2019-11-17 12:23:04.251,8531.37,0.060097
2019-11-17 12:23:04.867,8531.47,0.060016
2019-11-17 12:23:05.494,8531.47,0.00638
2019-11-17 12:23:05.494,8531.32,0.053658
2019-11-17 12:23:05.890,8533.49,0.002309
2019-11-17 12:23:06.124,8531.44,0.043518
2019-11-17 12:23:06.124,8531.4,0.016608
2019-11-17 12:23:06.750,8531.47,0.026735
2019-11-17 12:23:06.750,8531.32,0.03341
2019-11-17 12:23:07.419,8532.0,0.002879
2019-11-17 12:23:07.419,8531.35,0.030825
2019-11-17 12:23:07.419,8531.32,0.026392
2019-11-17 12:23:07.697,8532.84,0.030563
2019-11-17 12:23:07.735,8532.84,0.004233
2019-11-17 12:23:08.018,8531.39,0.022029
2019-11-17 12:23:08.018,8531.38,0.038081
2019-11-17 12:23:08.349,8532.66,0.014581
2019-11-17 12:23:08.453,8531.84,0.111512
2019-11-17 12:23:08.573,8531.85,0.001993
2019-11-17 12:23:08.627,8531.85,0.021446
2019-11-17 12:23:08.627,8531.37,0.013541
2019-11-17 12:23:08.627,8531.34,0.025014
2019-11-17 12:23:08.719,8532.56,0.250522
2019-11-17 12:23:08.781,8531.86,0.023423
2019-11-17 12:23:09.250,8531.86,1.6e-05
2019-11-17 12:23:09.250,8531.35,0.060043
2019-11-17 12:23:09.654,8532.46,0.001348
2019-11-17 12:23:09.876,8531.46,0.060083
2019-11-17 12:23:10.455,8531.46,0.00299
2019-11-17 12:23:10.512,8531.46,0.019256
2019-11-17 12:23:10.512,8531.38,0.040812
2019-11-17 12:23:10.629,8532.53,0.087572
2019-11-17 12:23:10.629,8532.53,0.087572
2019-11-17 12:23:10.630,8532.53,0.021384
2019-11-17 12:23:10.630,8532.54,0.066188
2019-11-17 12:23:10.630,8532.54,0.087572
2019-11-17 12:23:10.632,8532.52,0.087572
2019-11-17 12:23:10.632,8532.52,0.087572
2019-11-17 12:23:10.632,8532.52,0.087572
2019-11-17 12:23:10.634,8532.52,0.087572
2019-11-17 12:23:10.634,8532.52,0.087572
2019-11-17 12:23:10.634,8532.52,0.087572
2019-11-17 12:23:10.634,8532.52,0.087572
2019-11-17 12:23:10.634,8532.52,0.087572
2019-11-17 12:23:10.636,8532.52,0.087572
2019-11-17 12:23:10.636,8532.52,0.087572
2019-11-17 12:23:10.636,8532.52,0.087572
2019-11-17 12:23:10.636,8532.52,0.087572
2019-11-17 12:23:10.649,8532.52,0.18986
2019-11-17 12:23:10.717,8532.55,0.008854
2019-11-17 12:23:10.717,8533.24,0.036387
2019-11-17 12:23:10.759,8533.24,0.020384
2019-11-17 12:23:10.824,8533.24,0.033308
2019-11-17 12:23:10.824,8534.48,0.027456
2019-11-17 12:23:11.149,8531.91,0.060045
2019-11-17 12:23:11.736,8533.97,0.002057
2019-11-17 12:23:12.060,8533.73,0.00233
2019-11-17 12:23:12.114,8533.21,0.075024
2019-11-17 12:23:12.373,8534.52,0.056745
2019-11-17 12:23:13.030,8534.52,0.098578
2019-11-17 12:23:13.030,8534.61,0.104103
2019-11-17 12:23:13.070,8532.51,0.137267
2019-11-17 12:23:13.070,8532.46,0.040639
2019-11-17 12:23:13.245,8534.41,2.0
2019-11-17 12:23:13.245,8534.42,0.14834
2019-11-17 12:23:13.582,8534.38,0.009651
2019-11-17 12:23:13.706,8532.76,0.060122
2019-11-17 12:23:14.292,8534.24,0.002329
2019-11-17 12:23:14.336,8532.85,0.060112
2019-11-17 12:23:14.368,8534.24,0.002329
2019-11-17 12:23:14.990,8533.11,0.060142
2019-11-17 12:23:15.857,8533.86,0.023913
2019-11-17 12:23:15.859,8534.34,0.001362
2019-11-17 12:23:16.289,8534.23,0.004248
2019-11-17 12:23:17.539,8533.94,0.001499
2019-11-17 12:23:18.492,8533.77,0.032035
2019-11-17 12:23:18.957,8533.19,0.023421
2019-11-17 12:23:19.148,8533.65,0.023051
2019-11-17 12:23:21.382,8533.19,0.006839
2019-11-17 12:23:22.073,8533.09,0.001383
2019-11-17 12:23:23.126,8532.97,0.020386
2019-11-17 12:23:23.185,8532.97,0.001371
2019-11-17 12:23:24.817,8533.63,0.023438
2019-11-17 12:23:24.817,8533.64,0.093729
2019-11-17 12:23:24.820,8533.64,0.023438
2019-11-17 12:23:24.820,8533.69,0.910307
2019-11-17 12:23:24.826,8533.69,0.093427
2019-11-17 12:23:24.891,8532.46,0.023423
2019-11-17 12:23:25.081,8532.5,0.158998
2019-11-17 12:23:25.090,8532.5,0.001302
2019-11-17 12:23:25.090,8532.49,0.193946
2019-11-17 12:23:25.720,8533.41,0.053264
2019-11-17 12:23:26.998,8532.96,0.051929
2019-11-17 12:23:27.475,8532.6,0.189796
2019-11-17 12:23:27.996,8532.6,0.002329
2019-11-17 12:23:28.278,8532.6,0.001392
2019-11-17 12:23:28.986,8532.5,0.023436
2019-11-17 12:23:29.831,8532.49,0.100115
2019-11-17 12:23:29.831,8532.5,0.186532
2019-11-17 12:23:29.966,8533.0,0.005604
2019-11-17 12:23:29.966,8533.03,0.001422
2019-11-17 12:23:30.068,8531.94,0.106758
2019-11-17 12:23:30.158,8532.03,0.014904
2019-11-17 12:23:30.230,8533.03,0.03654
2019-11-17 12:23:30.321,8533.22,0.025105
2019-11-17 12:23:31.050,8532.84,0.086668
2019-11-17 12:23:31.798,8534.58,0.085522
2019-11-17 12:23:31.830,8533.44,0.154997
2019-11-17 12:23:31.938,8533.57,0.047389
2019-11-17 12:23:32.032,8533.68,0.101798
2019-11-17 12:23:32.128,8533.77,0.102295
2019-11-17 12:23:32.238,8533.81,0.062837
2019-11-17 12:23:32.345,8533.83,0.062837
2019-11-17 12:23:32.572,8533.58,0.038614
2019-11-17 12:23:32.692,8533.59,0.038613
2019-11-17 12:23:33.939,8533.91,0.082588
2019-11-17 12:23:36.260,8533.41,0.04908
2019-11-17 12:23:36.367,8533.45,0.025655
2019-11-17 12:23:36.367,8533.45,0.021388
2019-11-17 12:23:36.477,8533.45,0.023424
2019-11-17 12:23:36.498,8534.8,0.001412
2019-11-17 12:23:37.112,8533.46,0.005191
2019-11-17 12:23:37.217,8533.46,0.065006
2019-11-17 12:23:37.248,8534.1,0.106589
2019-11-17 12:23:37.330,8533.45,9e-06
2019-11-17 12:23:37.330,8533.44,0.045842
2019-11-17 12:23:37.625,8534.24,0.002312
2019-11-17 12:23:37.627,8533.44,0.001207
2019-11-17 12:23:37.627,8532.6,0.007233
2019-11-17 12:23:37.944,8534.24,0.054646
2019-11-17 12:23:38.072,8534.2,0.052207
2019-11-17 12:23:38.168,8534.2,0.051595
2019-11-17 12:23:38.296,8534.2,0.048306
2019-11-17 12:23:38.384,8534.2,0.05264
2019-11-17 12:23:38.475,8532.87,0.014974
2019-11-17 12:23:38.483,8534.2,0.026724
2019-11-17 12:23:38.705,8534.2,7e-06
2019-11-17 12:23:38.705,8534.24,0.011584
2019-11-17 12:23:38.804,8534.24,0.051884
2019-11-17 12:23:38.894,8534.24,0.049776
2019-11-17 12:23:39.016,8534.24,0.040656
2019-11-17 12:23:39.034,8534.24,0.0461
2019-11-17 12:23:39.075,8536.54,0.046388
2019-11-17 12:23:39.575,8534.39,0.141125
2019-11-17 12:23:39.575,8534.3,0.258875
2019-11-17 12:23:39.664,8534.51,0.001993
2019-11-17 12:23:39.754,8534.52,0.084654
2019-11-17 12:23:39.887,8534.56,0.051857
2019-11-17 12:23:40.062,8534.56,0.001993
2019-11-17 12:23:40.264,8534.69,0.063039
2019-11-17 12:23:40.264,8534.67,0.002067
2019-11-17 12:23:40.389,8534.69,0.462195
2019-11-17 12:23:40.574,8534.73,0.038695
2019-11-17 12:23:40.618,8533.39,0.060294
2019-11-17 12:23:40.804,8535.87,0.048862
2019-11-17 12:23:41.751,8535.25,0.003408
2019-11-17 12:23:42.016,8534.4,0.139876
2019-11-17 12:23:42.082,8535.04,0.003408
2019-11-17 12:23:44.603,8534.07,0.002326
2019-11-17 12:23:44.711,8534.03,0.001354
2019-11-17 12:23:44.979,8533.94,0.00131
2019-11-17 12:23:46.071,8533.9,0.110105
2019-11-17 12:23:46.629,8534.86,0.082594
2019-11-17 12:23:48.415,8534.82,0.046487
2019-11-17 12:23:48.488,8533.58,0.032803
2019-11-17 12:23:48.488,8533.5,0.061882
2019-11-17 12:23:48.488,8533.09,0.305315
2019-11-17 12:23:49.302,8534.4,0.078749
2019-11-17 12:23:49.525,8533.45,0.032806
2019-11-17 12:23:49.525,8533.11,0.027345
2019-11-17 12:23:50.329,8533.65,0.074416
2019-11-17 12:23:50.555,8533.5,0.026851
2019-11-17 12:23:50.555,8533.47,0.033159
2019-11-17 12:23:50.920,8534.08,0.001365
2019-11-17 12:23:51.586,8533.5,0.051557
2019-11-17 12:23:51.586,8533.09,0.008502
2019-11-17 12:23:51.996,8533.83,0.00234
2019-11-17 12:23:52.238,8533.14,0.001993
2019-11-17 12:23:52.629,8533.23,0.060056
2019-11-17 12:23:53.047,8533.65,0.046869
2019-11-17 12:23:53.678,8533.37,0.060014
2019-11-17 12:23:53.802,8534.18,0.00234
2019-11-17 12:23:54.404,8532.8,0.14011
2019-11-17 12:23:54.763,8533.58,0.002311
2019-11-17 12:23:54.893,8533.48,0.002307
2019-11-17 12:23:55.646,8532.25,0.020775
2019-11-17 12:23:55.734,8532.39,0.01
2019-11-17 12:23:57.090,8532.4,0.051092
2019-11-17 12:23:57.150,8532.4,0.001387
2019-11-17 12:23:57.170,8532.98,0.172555
2019-11-17 12:23:57.206,8532.97,0.212374
2019-11-17 12:23:57.328,8532.85,0.098394
2019-11-17 12:23:57.596,8532.68,0.015338
2019-11-17 12:23:57.622,8533.09,0.070014
2019-11-17 12:23:57.622,8533.1,0.055151
2019-11-17 12:23:58.025,8533.16,0.082209
2019-11-17 12:23:58.261,8533.38,0.082213
2019-11-17 12:23:58.261,8533.32,0.006818
2019-11-17 12:23:58.765,8533.51,0.036317
2019-11-17 12:23:58.877,8533.52,0.036317
2019-11-17 12:23:59.897,8534.42,0.128656
2019-11-17 12:24:00.126,8534.19,0.23418
2019-11-17 12:24:00.126,8534.26,0.740353
2019-11-17 12:24:00.242,8533.55,0.002341
2019-11-17 12:24:00.492,8534.07,0.143749
2019-11-17 12:24:00.498,8534.07,0.261836
2019-11-17 12:24:00.910,8533.55,0.043357
2019-11-17 12:24:01.442,8533.54,0.03928
2019-11-17 12:24:02.076,8533.14,0.451279
2019-11-17 12:24:02.076,8532.86,0.126928
2019-11-17 12:24:02.076,8532.18,2.7
2019-11-17 12:24:02.076,8532.12,2.7
2019-11-17 12:24:02.076,8532.1,2.406793
2019-11-17 12:24:03.349,8531.41,0.001345
2019-11-17 12:24:03.830,8531.99,0.336703
2019-11-17 12:24:04.168,8532.62,0.002306
2019-11-17 12:24:04.309,8532.57,0.061973
2019-11-17 12:24:04.688,8532.49,0.004254
2019-11-17 12:24:04.769,8532.48,0.00234
2019-11-17 12:24:04.888,8531.42,0.069749
2019-11-17 12:24:05.258,8531.42,3e-06
2019-11-17 12:24:05.258,8531.32,0.115385
2019-11-17 12:24:05.258,8531.23,0.224246
2019-11-17 12:24:05.258,8531.06,0.060366
2019-11-17 12:24:07.600,8531.07,0.046709
2019-11-17 12:24:07.700,8531.07,0.021267
2019-11-17 12:24:08.167,8531.93,0.469501
2019-11-17 12:24:08.233,8531.92,0.060563
2019-11-17 12:24:08.381,8531.64,0.119388
2019-11-17 12:24:09.555,8531.07,1e-06
2019-11-17 12:24:09.555,8531.07,0.001373
2019-11-17 12:24:10.577,8531.07,0.012249
2019-11-17 12:24:10.577,8531.06,0.116012
2019-11-17 12:24:12.431,8531.06,0.4
2019-11-17 12:24:12.491,8531.45,0.055745
2019-11-17 12:24:13.093,8531.82,0.009827
2019-11-17 12:24:13.513,8531.06,0.060025
2019-11-17 12:24:14.600,8531.06,0.06001
2019-11-17 12:24:15.059,8531.06,0.190998
2019-11-17 12:24:15.087,8531.43,0.175503
2019-11-17 12:24:15.779,8531.06,0.001371
2019-11-17 12:24:16.144,8531.06,0.02
2019-11-17 12:24:16.840,8531.61,0.01947
2019-11-17 12:24:17.085,8531.06,0.318493
2019-11-17 12:24:17.129,8531.06,0.056055
2019-11-17 12:24:17.262,8531.06,0.007053
2019-11-17 12:24:17.377,8531.06,0.042708
2019-11-17 12:24:17.468,8531.06,0.007053
2019-11-17 12:24:18.944,8531.26,0.131929
2019-11-17 12:24:20.476,8531.45,0.023641
2019-11-17 12:24:20.504,8531.45,0.021739
2019-11-17 12:24:21.214,8531.49,0.171042
2019-11-17 12:24:21.214,8531.52,0.063558
2019-11-17 12:24:21.214,8531.71,0.174276
2019-11-17 12:24:21.214,8533.76,0.5
2019-11-17 12:24:21.214,8533.76,0.355571
2019-11-17 12:24:21.429,8531.26,0.137113
2019-11-17 12:24:21.429,8531.19,0.055075
2019-11-17 12:24:21.429,8531.09,0.177303
2019-11-17 12:24:21.988,8531.57,0.00138
2019-11-17 12:24:22.514,8531.64,0.023438
2019-11-17 12:24:22.514,8531.14,0.036581
2019-11-17 12:24:23.601,8531.19,0.060013
2019-11-17 12:24:23.732,8531.62,0.259668
2019-11-17 12:24:24.584,8532.06,0.02353
2019-11-17 12:24:25.586,8531.85,0.005912
2019-11-17 12:24:26.484,8531.16,0.034017
2019-11-17 12:24:27.720,8531.06,0.021655
2019-11-17 12:24:27.720,8531.06,0.021655
2019-11-17 12:24:27.820,8531.06,0.001992
2019-11-17 12:24:27.941,8531.06,0.001992
2019-11-17 12:24:27.941,8531.06,0.001992
2019-11-17 12:24:28.059,8531.06,0.001992
2019-11-17 12:24:27.941,8531.06,0.001992
2019-11-17 12:24:28.059,8531.06,0.001992
2019-11-17 12:24:28.208,8531.06,0.001333
2019-11-17 12:24:28.959,8531.24,0.129291
2019-11-17 12:24:28.959,8531.24,0.129291
2019-11-17 12:24:28.999,8531.06,0.035977
2019-11-17 12:24:34.279,8531.06,0.051052
2019-11-17 12:24:35.190,8531.09,0.584044
2019-11-17 12:24:36.407,8531.06,0.001316
2019-11-17 12:24:36.407,8531.06,0.001316
2019-11-17 12:24:36.800,8531.27,0.020599
2019-11-17 12:24:36.407,8531.06,0.001316
2019-11-17 12:24:36.800,8531.27,0.020599
2019-11-17 12:24:36.903,8531.27,0.065908
2019-11-17 12:24:37.434,8531.19,0.046874
2019-11-17 12:24:37.434,8531.19,0.046874
2019-11-17 12:24:37.434,8531.18,0.353126
2019-11-17 12:24:38.535,8531.23,0.032816
2019-11-17 12:24:38.535,8531.23,0.032816
2019-11-17 12:24:38.535,8531.22,0.025103
2019-11-17 12:24:38.535,8531.23,0.032816
2019-11-17 12:24:38.535,8531.22,0.025103
2019-11-17 12:24:38.535,8531.06,0.002159
2019-11-17 12:24:39.508,8531.34,0.178053
2019-11-17 12:24:40.342,8531.07,0.042184
2019-11-17 12:24:40.342,8531.07,0.042184
2019-11-17 12:24:40.739,8531.15,0.011595
2019-11-17 12:24:40.342,8531.07,0.042184
2019-11-17 12:24:40.739,8531.15,0.011595
2019-11-17 12:24:40.772,8531.43,0.241356
2019-11-17 12:24:40.342,8531.07,0.042184
2019-11-17 12:24:40.739,8531.15,0.011595
2019-11-17 12:24:40.772,8531.43,0.241356
2019-11-17 12:24:40.772,8531.49,0.055075
2019-11-17 12:24:40.342,8531.07,0.042184
2019-11-17 12:24:40.739,8531.15,0.011595
2019-11-17 12:24:40.772,8531.43,0.241356
2019-11-17 12:24:40.772,8531.49,0.055075
2019-11-17 12:24:40.772,8531.52,0.735217
2019-11-17 12:24:40.342,8531.07,0.042184
2019-11-17 12:24:40.739,8531.15,0.011595
2019-11-17 12:24:40.772,8531.43,0.241356
2019-11-17 12:24:40.772,8531.49,0.055075
2019-11-17 12:24:40.772,8531.52,0.735217
2019-11-17 12:24:40.772,8531.52,1.043034
2019-11-17 12:24:40.342,8531.07,0.042184
2019-11-17 12:24:40.739,8531.15,0.011595
2019-11-17 12:24:40.772,8531.43,0.241356
2019-11-17 12:24:40.772,8531.49,0.055075
2019-11-17 12:24:40.772,8531.52,0.735217
2019-11-17 12:24:40.772,8531.52,1.043034
2019-11-17 12:24:40.878,8533.55,0.14018
2019-11-17 12:24:40.342,8531.07,0.042184
2019-11-17 12:24:40.739,8531.15,0.011595
2019-11-17 12:24:40.772,8531.43,0.241356
2019-11-17 12:24:40.772,8531.49,0.055075
2019-11-17 12:24:40.772,8531.52,0.735217
2019-11-17 12:24:40.772,8531.52,1.043034
2019-11-17 12:24:40.878,8533.55,0.14018
2019-11-17 12:24:40.888,8533.55,0.010849
2019-11-17 12:24:40.342,8531.07,0.042184
2019-11-17 12:24:40.739,8531.15,0.011595
2019-11-17 12:24:40.772,8531.43,0.241356
2019-11-17 12:24:40.772,8531.49,0.055075
2019-11-17 12:24:40.772,8531.52,0.735217
2019-11-17 12:24:40.772,8531.52,1.043034
2019-11-17 12:24:40.878,8533.55,0.14018
2019-11-17 12:24:40.888,8533.55,0.010849
2019-11-17 12:24:40.989,8533.56,0.019867
2019-11-17 12:24:40.342,8531.07,0.042184
2019-11-17 12:24:40.739,8531.15,0.011595
2019-11-17 12:24:40.772,8531.43,0.241356
2019-11-17 12:24:40.772,8531.49,0.055075
2019-11-17 12:24:40.772,8531.52,0.735217
2019-11-17 12:24:40.772,8531.52,1.043034
2019-11-17 12:24:40.878,8533.55,0.14018
2019-11-17 12:24:40.888,8533.55,0.010849
2019-11-17 12:24:40.989,8533.56,0.019867
2019-11-17 12:24:41.131,8533.97,0.143749
2019-11-17 12:24:40.342,8531.07,0.042184
2019-11-17 12:24:40.739,8531.15,0.011595
2019-11-17 12:24:40.772,8531.43,0.241356
2019-11-17 12:24:40.772,8531.49,0.055075
2019-11-17 12:24:40.772,8531.52,0.735217
2019-11-17 12:24:40.772,8531.52,1.043034
2019-11-17 12:24:40.878,8533.55,0.14018
2019-11-17 12:24:40.888,8533.55,0.010849
2019-11-17 12:24:40.989,8533.56,0.019867
2019-11-17 12:24:41.131,8533.97,0.143749
2019-11-17 12:24:41.131,8534.0,0.098438
2019-11-17 12:24:40.342,8531.07,0.042184
2019-11-17 12:24:40.739,8531.15,0.011595
2019-11-17 12:24:40.772,8531.43,0.241356
2019-11-17 12:24:40.772,8531.49,0.055075
2019-11-17 12:24:40.772,8531.52,0.735217
2019-11-17 12:24:40.772,8531.52,1.043034
2019-11-17 12:24:40.878,8533.55,0.14018
2019-11-17 12:24:40.888,8533.55,0.010849
2019-11-17 12:24:40.989,8533.56,0.019867
2019-11-17 12:24:41.131,8533.97,0.143749
2019-11-17 12:24:41.131,8534.0,0.098438
2019-11-17 12:24:41.131,8534.03,0.22185
2019-11-17 12:24:41.203,8533.57,0.022302
2019-11-17 12:24:41.203,8533.57,0.022302
2019-11-17 12:24:41.326,8533.61,0.161364
2019-11-17 12:24:41.203,8533.57,0.022302
2019-11-17 12:24:41.326,8533.61,0.161364
2019-11-17 12:24:41.414,8533.58,0.042184
2019-11-17 12:24:41.203,8533.57,0.022302
2019-11-17 12:24:41.326,8533.61,0.161364
2019-11-17 12:24:41.414,8533.58,0.042184
2019-11-17 12:24:41.414,8533.55,0.028525
2019-11-17 12:24:41.203,8533.57,0.022302
2019-11-17 12:24:41.326,8533.61,0.161364
2019-11-17 12:24:41.414,8533.58,0.042184
2019-11-17 12:24:41.414,8533.55,0.028525
2019-11-17 12:24:41.797,8533.87,0.019867
2019-11-17 12:24:41.203,8533.57,0.022302
2019-11-17 12:24:41.326,8533.61,0.161364
2019-11-17 12:24:41.414,8533.58,0.042184
2019-11-17 12:24:41.414,8533.55,0.028525
2019-11-17 12:24:41.797,8533.87,0.019867
2019-11-17 12:24:41.797,8533.88,0.088309
2019-11-17 12:24:41.203,8533.57,0.022302
2019-11-17 12:24:41.326,8533.61,0.161364
2019-11-17 12:24:41.414,8533.58,0.042184
2019-11-17 12:24:41.414,8533.55,0.028525
2019-11-17 12:24:41.797,8533.87,0.019867
2019-11-17 12:24:41.797,8533.88,0.088309
2019-11-17 12:24:41.797,8534.0,0.177668
2019-11-17 12:24:41.203,8533.57,0.022302
2019-11-17 12:24:41.326,8533.61,0.161364
2019-11-17 12:24:41.414,8533.58,0.042184
2019-11-17 12:24:41.414,8533.55,0.028525
2019-11-17 12:24:41.797,8533.87,0.019867
2019-11-17 12:24:41.797,8533.88,0.088309
2019-11-17 12:24:41.797,8534.0,0.177668
2019-11-17 12:24:41.857,8533.86,0.042184
2019-11-17 12:24:41.203,8533.57,0.022302
2019-11-17 12:24:41.326,8533.61,0.161364
2019-11-17 12:24:41.414,8533.58,0.042184
2019-11-17 12:24:41.414,8533.55,0.028525
2019-11-17 12:24:41.797,8533.87,0.019867
2019-11-17 12:24:41.797,8533.88,0.088309
2019-11-17 12:24:41.797,8534.0,0.177668
2019-11-17 12:24:41.857,8533.86,0.042184
2019-11-17 12:24:41.875,8534.16,0.098397
2019-11-17 12:24:41.203,8533.57,0.022302
2019-11-17 12:24:41.326,8533.61,0.161364
2019-11-17 12:24:41.414,8533.58,0.042184
2019-11-17 12:24:41.414,8533.55,0.028525
2019-11-17 12:24:41.797,8533.87,0.019867
2019-11-17 12:24:41.797,8533.88,0.088309
2019-11-17 12:24:41.797,8534.0,0.177668
2019-11-17 12:24:41.857,8533.86,0.042184
2019-11-17 12:24:41.875,8534.16,0.098397
2019-11-17 12:24:41.875,8534.18,0.054243
2019-11-17 12:24:41.203,8533.57,0.022302
2019-11-17 12:24:41.326,8533.61,0.161364
2019-11-17 12:24:41.414,8533.58,0.042184
2019-11-17 12:24:41.414,8533.55,0.028525
2019-11-17 12:24:41.797,8533.87,0.019867
2019-11-17 12:24:41.797,8533.88,0.088309
2019-11-17 12:24:41.797,8534.0,0.177668
2019-11-17 12:24:41.857,8533.86,0.042184
2019-11-17 12:24:41.875,8534.16,0.098397
2019-11-17 12:24:41.875,8534.18,0.054243
2019-11-17 12:24:41.893,8534.41,0.011593
2019-11-17 12:24:41.203,8533.57,0.022302
2019-11-17 12:24:41.326,8533.61,0.161364
2019-11-17 12:24:41.414,8533.58,0.042184
2019-11-17 12:24:41.414,8533.55,0.028525
2019-11-17 12:24:41.797,8533.87,0.019867
2019-11-17 12:24:41.797,8533.88,0.088309
2019-11-17 12:24:41.797,8534.0,0.177668
2019-11-17 12:24:41.857,8533.86,0.042184
2019-11-17 12:24:41.875,8534.16,0.098397
2019-11-17 12:24:41.875,8534.18,0.054243
2019-11-17 12:24:41.893,8534.41,0.011593
2019-11-17 12:24:41.925,8534.22,0.033294
2019-11-17 12:24:42.261,8534.22,0.004713
2019-11-17 12:24:42.261,8534.22,0.004713
2019-11-17 12:24:42.277,8534.23,0.074514
2019-11-17 12:24:42.261,8534.22,0.004713
2019-11-17 12:24:42.277,8534.23,0.074514
2019-11-17 12:24:42.482,8534.46,0.004982
2019-11-17 12:24:42.261,8534.22,0.004713
2019-11-17 12:24:42.277,8534.23,0.074514
2019-11-17 12:24:42.482,8534.46,0.004982
2019-11-17 12:24:42.596,8534.69,0.001715
2019-11-17 12:24:42.261,8534.22,0.004713
2019-11-17 12:24:42.277,8534.23,0.074514
2019-11-17 12:24:42.482,8534.46,0.004982
2019-11-17 12:24:42.596,8534.69,0.001715
2019-11-17 12:24:42.621,8536.71,0.001349
2019-11-17 12:24:42.261,8534.22,0.004713
2019-11-17 12:24:42.277,8534.23,0.074514
2019-11-17 12:24:42.482,8534.46,0.004982
2019-11-17 12:24:42.596,8534.69,0.001715
2019-11-17 12:24:42.621,8536.71,0.001349
2019-11-17 12:24:42.783,8536.38,0.1004
2019-11-17 12:24:42.261,8534.22,0.004713
2019-11-17 12:24:42.277,8534.23,0.074514
2019-11-17 12:24:42.482,8534.46,0.004982
2019-11-17 12:24:42.596,8534.69,0.001715
2019-11-17 12:24:42.621,8536.71,0.001349
2019-11-17 12:24:42.783,8536.38,0.1004
2019-11-17 12:24:42.796,8534.76,0.004774
2019-11-17 12:24:43.387,8534.63,0.060003
2019-11-17 12:24:43.812,8534.56,0.077268
2019-11-17 12:24:43.812,8534.56,0.077268
2019-11-17 12:24:44.608,8535.59,0.042251
2019-11-17 12:24:44.714,8535.56,0.005593
2019-11-17 12:24:44.714,8535.56,0.005593
2019-11-17 12:24:45.433,8534.31,0.108756
2019-11-17 12:24:46.566,8534.63,0.060012
2019-11-17 12:24:46.566,8534.63,0.060012
2019-11-17 12:24:46.640,8535.89,0.011834
2019-11-17 12:24:47.425,8534.85,0.007043
2019-11-17 12:24:47.425,8534.85,0.007043
2019-11-17 12:24:47.569,8534.85,0.007443
2019-11-17 12:24:50.824,8535.01,0.00132
2019-11-17 12:24:50.824,8535.01,0.00132
2019-11-17 12:24:51.109,8537.26,0.003034
2019-11-17 12:24:51.603,8534.91,0.001755
2019-11-17 12:24:51.603,8534.91,0.001755
2019-11-17 12:24:51.830,8535.06,0.150429
2019-11-17 12:24:51.603,8534.91,0.001755
2019-11-17 12:24:51.830,8535.06,0.150429
2019-11-17 12:24:51.830,8535.02,0.127672
2019-11-17 12:24:52.763,8535.33,0.006434
2019-11-17 12:24:52.763,8535.33,0.006434
2019-11-17 12:24:52.931,8535.95,0.144435
2019-11-17 12:24:52.763,8535.33,0.006434
2019-11-17 12:24:52.931,8535.95,0.144435
2019-11-17 12:24:52.965,8535.36,0.060017
2019-11-17 12:24:53.343,8535.43,0.1
2019-11-17 12:24:54.104,8535.45,0.0328
2019-11-17 12:24:54.104,8535.45,0.0328
2019-11-17 12:24:54.104,8534.93,0.025005
2019-11-17 12:24:54.104,8535.45,0.0328
2019-11-17 12:24:54.104,8534.93,0.025005
2019-11-17 12:24:54.104,8534.46,0.002258
2019-11-17 12:24:55.645,8535.16,0.079827
2019-11-17 12:24:55.645,8535.16,0.079827
2019-11-17 12:24:55.911,8535.31,0.0085
2019-11-17 12:24:56.018,8535.47,0.04625
2019-11-17 12:24:56.018,8535.47,0.04625
2019-11-17 12:24:56.150,8535.55,0.088772
2019-11-17 12:24:56.018,8535.47,0.04625
2019-11-17 12:24:56.150,8535.55,0.088772
2019-11-17 12:24:56.183,8535.1,0.054513
2019-11-17 12:24:56.018,8535.47,0.04625
2019-11-17 12:24:56.150,8535.55,0.088772
2019-11-17 12:24:56.183,8535.1,0.054513
2019-11-17 12:24:56.185,8534.67,2.5
2019-11-17 12:24:56.018,8535.47,0.04625
2019-11-17 12:24:56.150,8535.55,0.088772
2019-11-17 12:24:56.183,8535.1,0.054513
2019-11-17 12:24:56.185,8534.67,2.5
2019-11-17 12:24:56.185,8534.46,0.067124
2019-11-17 12:24:56.018,8535.47,0.04625
2019-11-17 12:24:56.150,8535.55,0.088772
2019-11-17 12:24:56.183,8535.1,0.054513
2019-11-17 12:24:56.185,8534.67,2.5
2019-11-17 12:24:56.185,8534.46,0.067124
2019-11-17 12:24:56.190,8534.68,0.097004
2019-11-17 12:24:56.018,8535.47,0.04625
2019-11-17 12:24:56.150,8535.55,0.088772
2019-11-17 12:24:56.183,8535.1,0.054513
2019-11-17 12:24:56.185,8534.67,2.5
2019-11-17 12:24:56.185,8534.46,0.067124
2019-11-17 12:24:56.190,8534.68,0.097004
2019-11-17 12:24:56.244,8532.51,0.03
2019-11-17 12:24:56.018,8535.47,0.04625
2019-11-17 12:24:56.150,8535.55,0.088772
2019-11-17 12:24:56.183,8535.1,0.054513
2019-11-17 12:24:56.185,8534.67,2.5
2019-11-17 12:24:56.185,8534.46,0.067124
2019-11-17 12:24:56.190,8534.68,0.097004
2019-11-17 12:24:56.244,8532.51,0.03
2019-11-17 12:24:56.244,8532.42,1.301716
2019-11-17 12:24:56.018,8535.47,0.04625
2019-11-17 12:24:56.150,8535.55,0.088772
2019-11-17 12:24:56.183,8535.1,0.054513
2019-11-17 12:24:56.185,8534.67,2.5
2019-11-17 12:24:56.185,8534.46,0.067124
2019-11-17 12:24:56.190,8534.68,0.097004
2019-11-17 12:24:56.244,8532.51,0.03
2019-11-17 12:24:56.244,8532.42,1.301716
2019-11-17 12:24:56.257,8532.63,0.033487
2019-11-17 12:24:56.018,8535.47,0.04625
2019-11-17 12:24:56.150,8535.55,0.088772
2019-11-17 12:24:56.183,8535.1,0.054513
2019-11-17 12:24:56.185,8534.67,2.5
2019-11-17 12:24:56.185,8534.46,0.067124
2019-11-17 12:24:56.190,8534.68,0.097004
2019-11-17 12:24:56.244,8532.51,0.03
2019-11-17 12:24:56.244,8532.42,1.301716
2019-11-17 12:24:56.257,8532.63,0.033487
2019-11-17 12:24:56.257,8532.41,0.3
2019-11-17 12:24:56.018,8535.47,0.04625
2019-11-17 12:24:56.150,8535.55,0.088772
2019-11-17 12:24:56.183,8535.1,0.054513
2019-11-17 12:24:56.185,8534.67,2.5
2019-11-17 12:24:56.185,8534.46,0.067124
2019-11-17 12:24:56.190,8534.68,0.097004
2019-11-17 12:24:56.244,8532.51,0.03
2019-11-17 12:24:56.244,8532.42,1.301716
2019-11-17 12:24:56.257,8532.63,0.033487
2019-11-17 12:24:56.257,8532.41,0.3
2019-11-17 12:24:56.257,8532.16,0.009389
2019-11-17 12:24:56.018,8535.47,0.04625
2019-11-17 12:24:56.150,8535.55,0.088772
2019-11-17 12:24:56.183,8535.1,0.054513
2019-11-17 12:24:56.185,8534.67,2.5
2019-11-17 12:24:56.185,8534.46,0.067124
2019-11-17 12:24:56.190,8534.68,0.097004
2019-11-17 12:24:56.244,8532.51,0.03
2019-11-17 12:24:56.244,8532.42,1.301716
2019-11-17 12:24:56.257,8532.63,0.033487
2019-11-17 12:24:56.257,8532.41,0.3
2019-11-17 12:24:56.257,8532.16,0.009389
2019-11-17 12:24:56.283,8532.54,0.020563
2019-11-17 12:24:56.018,8535.47,0.04625
2019-11-17 12:24:56.150,8535.55,0.088772
2019-11-17 12:24:56.183,8535.1,0.054513
2019-11-17 12:24:56.185,8534.67,2.5
2019-11-17 12:24:56.185,8534.46,0.067124
2019-11-17 12:24:56.190,8534.68,0.097004
2019-11-17 12:24:56.244,8532.51,0.03
2019-11-17 12:24:56.244,8532.42,1.301716
2019-11-17 12:24:56.257,8532.63,0.033487
2019-11-17 12:24:56.257,8532.41,0.3
2019-11-17 12:24:56.257,8532.16,0.009389
2019-11-17 12:24:56.283,8532.54,0.020563
2019-11-17 12:24:56.310,8536.24,0.00844
2019-11-17 12:24:56.018,8535.47,0.04625
2019-11-17 12:24:56.150,8535.55,0.088772
2019-11-17 12:24:56.183,8535.1,0.054513
2019-11-17 12:24:56.185,8534.67,2.5
2019-11-17 12:24:56.185,8534.46,0.067124
2019-11-17 12:24:56.190,8534.68,0.097004
2019-11-17 12:24:56.244,8532.51,0.03
2019-11-17 12:24:56.244,8532.42,1.301716
2019-11-17 12:24:56.257,8532.63,0.033487
2019-11-17 12:24:56.257,8532.41,0.3
2019-11-17 12:24:56.257,8532.16,0.009389
2019-11-17 12:24:56.283,8532.54,0.020563
2019-11-17 12:24:56.310,8536.24,0.00844
2019-11-17 12:24:56.377,8536.24,0.05705
2019-11-17 12:24:56.018,8535.47,0.04625
2019-11-17 12:24:56.150,8535.55,0.088772
2019-11-17 12:24:56.183,8535.1,0.054513
2019-11-17 12:24:56.185,8534.67,2.5
2019-11-17 12:24:56.185,8534.46,0.067124
2019-11-17 12:24:56.190,8534.68,0.097004
2019-11-17 12:24:56.244,8532.51,0.03
2019-11-17 12:24:56.244,8532.42,1.301716
2019-11-17 12:24:56.257,8532.63,0.033487
2019-11-17 12:24:56.257,8532.41,0.3
2019-11-17 12:24:56.257,8532.16,0.009389
2019-11-17 12:24:56.283,8532.54,0.020563
2019-11-17 12:24:56.310,8536.24,0.00844
2019-11-17 12:24:56.377,8536.24,0.05705
2019-11-17 12:24:56.485,8533.99,0.038425
2019-11-17 12:24:56.018,8535.47,0.04625
2019-11-17 12:24:56.150,8535.55,0.088772
2019-11-17 12:24:56.183,8535.1,0.054513
2019-11-17 12:24:56.185,8534.67,2.5
2019-11-17 12:24:56.185,8534.46,0.067124
2019-11-17 12:24:56.190,8534.68,0.097004
2019-11-17 12:24:56.244,8532.51,0.03
2019-11-17 12:24:56.244,8532.42,1.301716
2019-11-17 12:24:56.257,8532.63,0.033487
2019-11-17 12:24:56.257,8532.41,0.3
2019-11-17 12:24:56.257,8532.16,0.009389
2019-11-17 12:24:56.283,8532.54,0.020563
2019-11-17 12:24:56.310,8536.24,0.00844
2019-11-17 12:24:56.377,8536.24,0.05705
2019-11-17 12:24:56.485,8533.99,0.038425
2019-11-17 12:24:56.485,8533.98,0.054695
2019-11-17 12:24:56.018,8535.47,0.04625
2019-11-17 12:24:56.150,8535.55,0.088772
2019-11-17 12:24:56.183,8535.1,0.054513
2019-11-17 12:24:56.185,8534.67,2.5
2019-11-17 12:24:56.185,8534.46,0.067124
2019-11-17 12:24:56.190,8534.68,0.097004
2019-11-17 12:24:56.244,8532.51,0.03
2019-11-17 12:24:56.244,8532.42,1.301716
2019-11-17 12:24:56.257,8532.63,0.033487
2019-11-17 12:24:56.257,8532.41,0.3
2019-11-17 12:24:56.257,8532.16,0.009389
2019-11-17 12:24:56.283,8532.54,0.020563
2019-11-17 12:24:56.310,8536.24,0.00844
2019-11-17 12:24:56.377,8536.24,0.05705
2019-11-17 12:24:56.485,8533.99,0.038425
2019-11-17 12:24:56.485,8533.98,0.054695
2019-11-17 12:24:56.589,8533.98,0.0024
2019-11-17 12:24:56.018,8535.47,0.04625
2019-11-17 12:24:56.150,8535.55,0.088772
2019-11-17 12:24:56.183,8535.1,0.054513
2019-11-17 12:24:56.185,8534.67,2.5
2019-11-17 12:24:56.185,8534.46,0.067124
2019-11-17 12:24:56.190,8534.68,0.097004
2019-11-17 12:24:56.244,8532.51,0.03
2019-11-17 12:24:56.244,8532.42,1.301716
2019-11-17 12:24:56.257,8532.63,0.033487
2019-11-17 12:24:56.257,8532.41,0.3
2019-11-17 12:24:56.257,8532.16,0.009389
2019-11-17 12:24:56.283,8532.54,0.020563
2019-11-17 12:24:56.310,8536.24,0.00844
2019-11-17 12:24:56.377,8536.24,0.05705
2019-11-17 12:24:56.485,8533.99,0.038425
2019-11-17 12:24:56.485,8533.98,0.054695
2019-11-17 12:24:56.589,8533.98,0.0024
2019-11-17 12:24:56.600,8533.98,0.02361
2019-11-17 12:24:56.018,8535.47,0.04625
2019-11-17 12:24:56.150,8535.55,0.088772
2019-11-17 12:24:56.183,8535.1,0.054513
2019-11-17 12:24:56.185,8534.67,2.5
2019-11-17 12:24:56.185,8534.46,0.067124
2019-11-17 12:24:56.190,8534.68,0.097004
2019-11-17 12:24:56.244,8532.51,0.03
2019-11-17 12:24:56.244,8532.42,1.301716
2019-11-17 12:24:56.257,8532.63,0.033487
2019-11-17 12:24:56.257,8532.41,0.3
2019-11-17 12:24:56.257,8532.16,0.009389
2019-11-17 12:24:56.283,8532.54,0.020563
2019-11-17 12:24:56.310,8536.24,0.00844
2019-11-17 12:24:56.377,8536.24,0.05705
2019-11-17 12:24:56.485,8533.99,0.038425
2019-11-17 12:24:56.485,8533.98,0.054695
2019-11-17 12:24:56.589,8533.98,0.0024
2019-11-17 12:24:56.600,8533.98,0.02361
2019-11-17 12:24:56.610,8533.98,0.012417
2019-11-17 12:24:56.018,8535.47,0.04625
2019-11-17 12:24:56.150,8535.55,0.088772
2019-11-17 12:24:56.183,8535.1,0.054513
2019-11-17 12:24:56.185,8534.67,2.5
2019-11-17 12:24:56.185,8534.46,0.067124
2019-11-17 12:24:56.190,8534.68,0.097004
2019-11-17 12:24:56.244,8532.51,0.03
2019-11-17 12:24:56.244,8532.42,1.301716
2019-11-17 12:24:56.257,8532.63,0.033487
2019-11-17 12:24:56.257,8532.41,0.3
2019-11-17 12:24:56.257,8532.16,0.009389
2019-11-17 12:24:56.283,8532.54,0.020563
2019-11-17 12:24:56.310,8536.24,0.00844
2019-11-17 12:24:56.377,8536.24,0.05705
2019-11-17 12:24:56.485,8533.99,0.038425
2019-11-17 12:24:56.485,8533.98,0.054695
2019-11-17 12:24:56.589,8533.98,0.0024
2019-11-17 12:24:56.600,8533.98,0.02361
2019-11-17 12:24:56.610,8533.98,0.012417
2019-11-17 12:24:56.624,8532.52,0.060095
2019-11-17 12:24:56.977,8535.28,0.006744
2019-11-17 12:24:56.977,8535.28,0.006744
2019-11-17 12:24:57.627,8532.87,0.148823
2019-11-17 12:24:56.977,8535.28,0.006744
2019-11-17 12:24:57.627,8532.87,0.148823
2019-11-17 12:24:57.664,8531.31,0.023572
2019-11-17 12:24:56.977,8535.28,0.006744
2019-11-17 12:24:57.627,8532.87,0.148823
2019-11-17 12:24:57.664,8531.31,0.023572
2019-11-17 12:24:57.664,8531.2,0.036516
2019-11-17 12:24:58.008,8531.27,0.014704
2019-11-17 12:24:58.008,8531.27,0.014704
2019-11-17 12:24:58.075,8531.27,0.009524
2019-11-17 12:24:58.008,8531.27,0.014704
2019-11-17 12:24:58.075,8531.27,0.009524
2019-11-17 12:24:58.463,8531.2,0.022053
2019-11-17 12:24:58.008,8531.27,0.014704
2019-11-17 12:24:58.075,8531.27,0.009524
2019-11-17 12:24:58.463,8531.2,0.022053
2019-11-17 12:24:58.741,8531.2,1.8e-05
2019-11-17 12:24:58.008,8531.27,0.014704
2019-11-17 12:24:58.075,8531.27,0.009524
2019-11-17 12:24:58.463,8531.2,0.022053
2019-11-17 12:24:58.741,8531.2,1.8e-05
2019-11-17 12:24:58.741,8531.11,0.014891
2019-11-17 12:24:58.008,8531.27,0.014704
2019-11-17 12:24:58.075,8531.27,0.009524
2019-11-17 12:24:58.463,8531.2,0.022053
2019-11-17 12:24:58.741,8531.2,1.8e-05
2019-11-17 12:24:58.741,8531.11,0.014891
2019-11-17 12:24:58.741,8531.06,0.038136
2019-11-17 12:24:58.008,8531.27,0.014704
2019-11-17 12:24:58.075,8531.27,0.009524
2019-11-17 12:24:58.463,8531.2,0.022053
2019-11-17 12:24:58.741,8531.2,1.8e-05
2019-11-17 12:24:58.741,8531.11,0.014891
2019-11-17 12:24:58.741,8531.06,0.038136
2019-11-17 12:24:58.741,8531.06,0.007034
2019-11-17 12:24:58.008,8531.27,0.014704
2019-11-17 12:24:58.075,8531.27,0.009524
2019-11-17 12:24:58.463,8531.2,0.022053
2019-11-17 12:24:58.741,8531.2,1.8e-05
2019-11-17 12:24:58.741,8531.11,0.014891
2019-11-17 12:24:58.741,8531.06,0.038136
2019-11-17 12:24:58.741,8531.06,0.007034
2019-11-17 12:24:58.827,8532.85,0.019003
2019-11-17 12:24:58.008,8531.27,0.014704
2019-11-17 12:24:58.075,8531.27,0.009524
2019-11-17 12:24:58.463,8531.2,0.022053
2019-11-17 12:24:58.741,8531.2,1.8e-05
2019-11-17 12:24:58.741,8531.11,0.014891
2019-11-17 12:24:58.741,8531.06,0.038136
2019-11-17 12:24:58.741,8531.06,0.007034
2019-11-17 12:24:58.827,8532.85,0.019003
2019-11-17 12:24:58.879,8531.07,0.001581
2019-11-17 12:24:58.962,8531.07,0.009683
2019-11-17 12:24:58.962,8531.07,0.009683
2019-11-17 12:24:58.982,8531.07,1e-06
2019-11-17 12:24:58.962,8531.07,0.009683
2019-11-17 12:24:58.982,8531.07,1e-06
2019-11-17 12:24:59.049,8532.71,0.001408
2019-11-17 12:24:58.962,8531.07,0.009683
2019-11-17 12:24:58.982,8531.07,1e-06
2019-11-17 12:24:59.049,8532.71,0.001408
2019-11-17 12:24:59.071,8531.07,0.017395
2019-11-17 12:24:59.832,8531.07,4e-06
2019-11-17 12:24:59.832,8531.07,4e-06
2019-11-17 12:24:59.832,8531.06,0.060068
2019-11-17 12:24:59.832,8531.07,4e-06
2019-11-17 12:24:59.832,8531.06,0.060068
2019-11-17 12:24:59.895,8531.53,0.099458
2019-11-17 12:24:59.832,8531.07,4e-06
2019-11-17 12:24:59.832,8531.06,0.060068
2019-11-17 12:24:59.895,8531.53,0.099458
2019-11-17 12:24:59.914,8531.06,0.029937
2019-11-17 12:24:59.832,8531.07,4e-06
2019-11-17 12:24:59.832,8531.06,0.060068
2019-11-17 12:24:59.895,8531.53,0.099458
2019-11-17 12:24:59.914,8531.06,0.029937
2019-11-17 12:25:00.127,8531.06,0.069669
2019-11-17 12:24:59.832,8531.07,4e-06
2019-11-17 12:24:59.832,8531.06,0.060068
2019-11-17 12:24:59.895,8531.53,0.099458
2019-11-17 12:24:59.914,8531.06,0.029937
2019-11-17 12:25:00.127,8531.06,0.069669
2019-11-17 12:25:00.346,8531.06,0.004117
2019-11-17 12:24:59.832,8531.07,4e-06
2019-11-17 12:24:59.832,8531.06,0.060068
2019-11-17 12:24:59.895,8531.53,0.099458
2019-11-17 12:24:59.914,8531.06,0.029937
2019-11-17 12:25:00.127,8531.06,0.069669
2019-11-17 12:25:00.346,8531.06,0.004117
2019-11-17 12:25:00.573,8531.06,0.200117
2019-11-17 12:25:00.916,8531.06,0.060004
2019-11-17 12:25:00.916,8531.06,0.060004
2019-11-17 12:25:01.193,8531.06,0.057488
2019-11-17 12:25:00.916,8531.06,0.060004
2019-11-17 12:25:01.193,8531.06,0.057488
2019-11-17 12:25:01.516,8531.7,0.002338
2019-11-17 12:25:02.011,8531.06,0.060077
2019-11-17 12:25:03.109,8531.06,0.060052
2019-11-17 12:25:04.225,8531.06,0.060068
2019-11-17 12:25:04.225,8531.06,0.060068
2019-11-17 12:25:04.357,8531.06,0.004518
2019-11-17 12:25:04.225,8531.06,0.060068
2019-11-17 12:25:04.357,8531.06,0.004518
2019-11-17 12:25:04.357,8531.06,9.7e-05
2019-11-17 12:25:04.584,8531.37,0.002338
2019-11-17 12:25:04.584,8531.37,0.002338
2019-11-17 12:25:04.638,8531.21,0.086084
2019-11-17 12:25:04.584,8531.37,0.002338
2019-11-17 12:25:04.638,8531.21,0.086084
2019-11-17 12:25:04.908,8531.3,0.1008
2019-11-17 12:25:04.584,8531.37,0.002338
2019-11-17 12:25:04.638,8531.21,0.086084
2019-11-17 12:25:04.908,8531.3,0.1008
2019-11-17 12:25:05.177,8531.28,0.050969
2019-11-17 12:25:04.584,8531.37,0.002338
2019-11-17 12:25:04.638,8531.21,0.086084
2019-11-17 12:25:04.908,8531.3,0.1008
2019-11-17 12:25:05.177,8531.28,0.050969
2019-11-17 12:25:05.266,8531.06,0.0015
2019-11-17 12:25:04.584,8531.37,0.002338
2019-11-17 12:25:04.638,8531.21,0.086084
2019-11-17 12:25:04.908,8531.3,0.1008
2019-11-17 12:25:05.177,8531.28,0.050969
2019-11-17 12:25:05.266,8531.06,0.0015
2019-11-17 12:25:05.275,8531.28,0.053478
2019-11-17 12:25:04.584,8531.37,0.002338
2019-11-17 12:25:04.638,8531.21,0.086084
2019-11-17 12:25:04.908,8531.3,0.1008
2019-11-17 12:25:05.177,8531.28,0.050969
2019-11-17 12:25:05.266,8531.06,0.0015
2019-11-17 12:25:05.275,8531.28,0.053478
2019-11-17 12:25:05.278,8531.06,0.001993
2019-11-17 12:25:04.584,8531.37,0.002338
2019-11-17 12:25:04.638,8531.21,0.086084
2019-11-17 12:25:04.908,8531.3,0.1008
2019-11-17 12:25:05.177,8531.28,0.050969
2019-11-17 12:25:05.266,8531.06,0.0015
2019-11-17 12:25:05.275,8531.28,0.053478
2019-11-17 12:25:05.278,8531.06,0.001993
2019-11-17 12:25:05.362,8531.27,0.052514
2019-11-17 12:25:04.584,8531.37,0.002338
2019-11-17 12:25:04.638,8531.21,0.086084
2019-11-17 12:25:04.908,8531.3,0.1008
2019-11-17 12:25:05.177,8531.28,0.050969
2019-11-17 12:25:05.266,8531.06,0.0015
2019-11-17 12:25:05.275,8531.28,0.053478
2019-11-17 12:25:05.278,8531.06,0.001993
2019-11-17 12:25:05.362,8531.27,0.052514
2019-11-17 12:25:05.374,8531.06,0.060076
2019-11-17 12:25:05.483,8531.25,0.046917
2019-11-17 12:25:05.483,8531.25,0.046917
2019-11-17 12:25:05.585,8531.24,0.051295
2019-11-17 12:25:05.483,8531.25,0.046917
2019-11-17 12:25:05.585,8531.24,0.051295
2019-11-17 12:25:05.692,8531.24,0.053534
2019-11-17 12:25:05.483,8531.25,0.046917
2019-11-17 12:25:05.585,8531.24,0.051295
2019-11-17 12:25:05.692,8531.24,0.053534
2019-11-17 12:25:05.799,8531.06,0.0055
2019-11-17 12:25:06.551,8531.06,0.060056
2019-11-17 12:25:06.551,8531.06,0.060056
2019-11-17 12:25:06.864,8531.06,0.002167
2019-11-17 12:25:06.551,8531.06,0.060056
2019-11-17 12:25:06.864,8531.06,0.002167
2019-11-17 12:25:07.246,8531.11,0.001401
2019-11-17 12:25:07.303,8531.1,0.00222
2019-11-17 12:25:07.303,8531.1,0.00222
2019-11-17 12:25:07.713,8531.06,0.060018
2019-11-17 12:25:08.891,8531.06,0.006253
2019-11-17 12:25:08.891,8531.06,0.006253
2019-11-17 12:25:08.891,8530.34,0.009608
2019-11-17 12:25:08.891,8531.06,0.006253
2019-11-17 12:25:08.891,8530.34,0.009608
2019-11-17 12:25:08.891,8530.01,0.044216
2019-11-17 12:25:09.376,8530.97,0.029721
2019-11-17 12:25:09.376,8530.97,0.029721
2019-11-17 12:25:09.460,8530.95,0.002344
2019-11-17 12:25:11.314,8530.02,0.042198
2019-11-17 12:25:11.314,8530.02,0.042198
2019-11-17 12:25:11.314,8530.01,3.083237
2019-11-17 12:25:13.281,8530.02,0.001289
2019-11-17 12:25:13.281,8530.02,0.001289
2019-11-17 12:25:13.281,8530.75,0.113022
2019-11-17 12:25:15.270,8530.01,0.006762
2019-11-17 12:25:15.453,8530.71,0.001289
2019-11-17 12:25:16.539,8530.45,0.214864
2019-11-17 12:25:16.539,8530.45,0.214864
2019-11-17 12:25:16.907,8530.01,0.002307
2019-11-17 12:25:17.503,8530.64,0.058466
2019-11-17 12:25:17.503,8530.64,0.058466
2019-11-17 12:25:17.716,8530.51,0.002406
2019-11-17 12:25:18.694,8530.64,0.002345
2019-11-17 12:25:19.320,8530.63,0.002344
2019-11-17 12:25:19.320,8530.63,0.002344
2019-11-17 12:25:19.352,8530.63,0.002409
2019-11-17 12:25:19.320,8530.63,0.002344
2019-11-17 12:25:19.352,8530.63,0.002409
2019-11-17 12:25:19.416,8530.53,0.002406
2019-11-17 12:25:21.146,8530.56,0.049784
2019-11-17 12:25:21.630,8530.49,0.042381
2019-11-17 12:25:21.630,8530.49,0.042381
2019-11-17 12:25:21.653,8530.49,0.002306
2019-11-17 12:25:21.630,8530.49,0.042381
2019-11-17 12:25:21.653,8530.49,0.002306
2019-11-17 12:25:21.663,8530.48,0.001343
2019-11-17 12:25:22.788,8530.4,0.004429
2019-11-17 12:25:22.788,8530.4,0.004429
2019-11-17 12:25:23.018,8530.02,0.004683
2019-11-17 12:25:22.788,8530.4,0.004429
2019-11-17 12:25:23.018,8530.02,0.004683
2019-11-17 12:25:23.336,8530.4,0.200556
2019-11-17 12:25:22.788,8530.4,0.004429
2019-11-17 12:25:23.018,8530.02,0.004683
2019-11-17 12:25:23.336,8530.4,0.200556
2019-11-17 12:25:23.362,8530.4,0.002345
2019-11-17 12:25:23.846,8530.28,0.057547
2019-11-17 12:25:25.854,8530.4,0.012318
2019-11-17 12:25:27.520,8530.02,0.001994
2019-11-17 12:25:28.202,8530.14,0.105408
2019-11-17 12:25:28.202,8530.14,0.105408
2019-11-17 12:25:28.205,8530.38,0.0148
2019-11-17 12:25:29.426,8530.03,0.023671
2019-11-17 12:25:30.003,8530.4,0.00131
2019-11-17 12:25:31.983,8530.03,0.018524
2019-11-17 12:25:31.983,8530.03,0.018524
2019-11-17 12:25:31.983,8530.03,0.03516
2019-11-17 12:25:31.983,8530.03,0.018524
2019-11-17 12:25:31.983,8530.03,0.03516
2019-11-17 12:25:32.086,8530.03,0.00903
2019-11-17 12:25:33.746,8530.02,0.018525
2019-11-17 12:25:33.746,8530.02,0.018525
2019-11-17 12:25:33.889,8530.02,0.026357
2019-11-17 12:25:34.734,8530.03,0.018074
2019-11-17 12:25:36.751,8530.02,0.018524
2019-11-17 12:25:37.347,8530.02,0.001292
2019-11-17 12:25:37.347,8530.02,0.001292
2019-11-17 12:25:37.399,8530.03,0.010462
2019-11-17 12:25:38.220,8530.03,0.001396
2019-11-17 12:25:39.585,8530.03,0.005049
2019-11-17 12:25:40.008,8530.03,0.002321
2019-11-17 12:25:44.123,8530.03,0.002343
2019-11-17 12:25:44.123,8530.03,0.002343
2019-11-17 12:25:44.341,8530.03,0.002329
2019-11-17 12:25:44.123,8530.03,0.002343
2019-11-17 12:25:44.341,8530.03,0.002329
2019-11-17 12:25:44.429,8530.03,0.001401
2019-11-17 12:25:44.123,8530.03,0.002343
2019-11-17 12:25:44.341,8530.03,0.002329
2019-11-17 12:25:44.429,8530.03,0.001401
2019-11-17 12:25:44.440,8530.03,0.002329
2019-11-17 12:25:46.128,8530.02,0.004775
2019-11-17 12:25:46.515,8530.03,0.023039
2019-11-17 12:25:47.693,8530.02,0.048778
2019-11-17 12:25:47.693,8530.02,0.048778
2019-11-17 12:25:47.807,8530.03,0.130032
2019-11-17 12:25:47.693,8530.02,0.048778
2019-11-17 12:25:47.807,8530.03,0.130032
2019-11-17 12:25:47.815,8530.02,0.003189
2019-11-17 12:25:50.232,8530.03,0.004025
2019-11-17 12:25:50.962,8530.03,0.054799
2019-11-17 12:25:50.962,8530.03,0.054799
2019-11-17 12:25:51.059,8530.03,0.04565
2019-11-17 12:25:50.962,8530.03,0.054799
2019-11-17 12:25:51.059,8530.03,0.04565
2019-11-17 12:25:51.168,8530.03,0.046801
2019-11-17 12:25:50.962,8530.03,0.054799
2019-11-17 12:25:51.059,8530.03,0.04565
2019-11-17 12:25:51.168,8530.03,0.046801
2019-11-17 12:25:51.261,8530.03,0.054799
2019-11-17 12:25:50.962,8530.03,0.054799
2019-11-17 12:25:51.059,8530.03,0.04565
2019-11-17 12:25:51.168,8530.03,0.046801
2019-11-17 12:25:51.261,8530.03,0.054799
2019-11-17 12:25:51.390,8530.39,0.046034
2019-11-17 12:25:50.962,8530.03,0.054799
2019-11-17 12:25:51.059,8530.03,0.04565
2019-11-17 12:25:51.168,8530.03,0.046801
2019-11-17 12:25:51.261,8530.03,0.054799
2019-11-17 12:25:51.390,8530.39,0.046034
2019-11-17 12:25:51.479,8530.38,0.049936
2019-11-17 12:25:51.596,8530.38,0.051792
2019-11-17 12:25:51.596,8530.38,0.051792
2019-11-17 12:25:51.698,8530.44,0.047537
2019-11-17 12:25:51.596,8530.38,0.051792
2019-11-17 12:25:51.698,8530.44,0.047537
2019-11-17 12:25:51.797,8530.44,0.002687
2019-11-17 12:25:51.596,8530.38,0.051792
2019-11-17 12:25:51.698,8530.44,0.047537
2019-11-17 12:25:51.797,8530.44,0.002687
2019-11-17 12:25:51.924,8530.08,0.002329
2019-11-17 12:25:52.641,8530.44,1.2e-05
2019-11-17 12:25:52.641,8530.44,1.2e-05
2019-11-17 12:25:52.641,8530.95,0.001357
2019-11-17 12:25:52.641,8530.44,1.2e-05
2019-11-17 12:25:52.641,8530.95,0.001357
2019-11-17 12:25:52.749,8530.94,0.033643
2019-11-17 12:25:52.641,8530.44,1.2e-05
2019-11-17 12:25:52.641,8530.95,0.001357
2019-11-17 12:25:52.749,8530.94,0.033643
2019-11-17 12:25:52.990,8530.07,0.004637
2019-11-17 12:25:54.862,8530.09,0.013038
2019-11-17 12:25:54.862,8530.09,0.013038
2019-11-17 12:25:54.867,8530.66,0.119123
2019-11-17 12:25:55.022,8530.07,0.079968
2019-11-17 12:25:55.022,8530.07,0.079968
2019-11-17 12:25:55.022,8530.05,0.020032
2019-11-17 12:25:55.022,8530.07,0.079968
2019-11-17 12:25:55.022,8530.05,0.020032
2019-11-17 12:25:55.487,8530.05,0.040909
2019-11-17 12:25:56.996,8530.05,1.7e-05
2019-11-17 12:25:56.996,8530.05,1.7e-05
2019-11-17 12:25:56.996,8530.02,0.001197
2019-11-17 12:25:56.996,8530.05,1.7e-05
2019-11-17 12:25:56.996,8530.02,0.001197
2019-11-17 12:25:56.996,8530.01,0.006581
2019-11-17 12:25:56.996,8530.05,1.7e-05
2019-11-17 12:25:56.996,8530.02,0.001197
2019-11-17 12:25:56.996,8530.01,0.006581
2019-11-17 12:25:57.049,8530.01,0.16327
2019-11-17 12:25:56.996,8530.05,1.7e-05
2019-11-17 12:25:56.996,8530.02,0.001197
2019-11-17 12:25:56.996,8530.01,0.006581
2019-11-17 12:25:57.049,8530.01,0.16327
2019-11-17 12:25:57.171,8530.01,0.068775
2019-11-17 12:25:57.681,8530.01,0.012178
2019-11-17 12:25:58.832,8530.82,0.001415
2019-11-17 12:25:58.832,8530.82,0.001415
2019-11-17 12:25:59.223,8530.58,0.122895
2019-11-17 12:25:58.832,8530.82,0.001415
2019-11-17 12:25:59.223,8530.58,0.122895
2019-11-17 12:25:59.228,8530.03,0.014079
2019-11-17 12:26:02.931,8530.55,0.131224
2019-11-17 12:26:02.931,8530.55,0.131224
2019-11-17 12:26:02.935,8530.04,0.099862
2019-11-17 12:26:03.267,8530.8,0.052479
2019-11-17 12:26:03.267,8530.8,0.052479
2019-11-17 12:26:03.360,8530.8,0.050241
2019-11-17 12:26:03.267,8530.8,0.052479
2019-11-17 12:26:03.360,8530.8,0.050241
2019-11-17 12:26:03.467,8530.79,0.011129
2019-11-17 12:26:03.267,8530.8,0.052479
2019-11-17 12:26:03.360,8530.8,0.050241
2019-11-17 12:26:03.467,8530.79,0.011129
2019-11-17 12:26:03.593,8530.78,0.086573
2019-11-17 12:26:03.267,8530.8,0.052479
2019-11-17 12:26:03.360,8530.8,0.050241
2019-11-17 12:26:03.467,8530.79,0.011129
2019-11-17 12:26:03.593,8530.78,0.086573
2019-11-17 12:26:03.596,8530.78,0.04814
2019-11-17 12:26:03.267,8530.8,0.052479
2019-11-17 12:26:03.360,8530.8,0.050241
2019-11-17 12:26:03.467,8530.79,0.011129
2019-11-17 12:26:03.593,8530.78,0.086573
2019-11-17 12:26:03.596,8530.78,0.04814
2019-11-17 12:26:03.713,8530.78,0.027724
2019-11-17 12:26:03.267,8530.8,0.052479
2019-11-17 12:26:03.360,8530.8,0.050241
2019-11-17 12:26:03.467,8530.79,0.011129
2019-11-17 12:26:03.593,8530.78,0.086573
2019-11-17 12:26:03.596,8530.78,0.04814
2019-11-17 12:26:03.713,8530.78,0.027724
2019-11-17 12:26:03.796,8530.78,0.030874
2019-11-17 12:26:03.267,8530.8,0.052479
2019-11-17 12:26:03.360,8530.8,0.050241
2019-11-17 12:26:03.467,8530.79,0.011129
2019-11-17 12:26:03.593,8530.78,0.086573
2019-11-17 12:26:03.596,8530.78,0.04814
2019-11-17 12:26:03.713,8530.78,0.027724
2019-11-17 12:26:03.796,8530.78,0.030874
2019-11-17 12:26:03.912,8530.78,0.027724
2019-11-17 12:26:04.008,8530.78,0.003341
2019-11-17 12:26:04.008,8530.78,0.003341
2019-11-17 12:26:04.845,8530.78,0.05191
2019-11-17 12:26:05.888,8531.06,0.0012
2019-11-17 12:26:07.051,8531.06,0.001378
2019-11-17 12:26:07.051,8531.06,0.001378
2019-11-17 12:26:07.131,8530.76,0.160341
2019-11-17 12:26:07.774,8530.26,0.002414
2019-11-17 12:26:07.774,8530.26,0.002414
2019-11-17 12:26:08.073,8531.06,0.002345
2019-11-17 12:26:08.722,8530.26,0.004913
2019-11-17 12:26:08.722,8530.26,0.004913
2019-11-17 12:26:09.367,8531.06,0.0014
2019-11-17 12:26:10.056,8530.33,0.054667
2019-11-17 12:26:10.056,8530.33,0.054667
2019-11-17 12:26:10.056,8530.32,0.001771
2019-11-17 12:26:10.056,8530.33,0.054667
2019-11-17 12:26:10.056,8530.32,0.001771
2019-11-17 12:26:10.310,8530.07,0.004615
2019-11-17 12:26:11.272,8530.59,0.036244
2019-11-17 12:26:11.272,8530.59,0.036244
2019-11-17 12:26:11.274,8530.1,0.018793
2019-11-17 12:26:13.248,8530.73,0.001292
2019-11-17 12:26:15.374,8530.37,0.140307
2019-11-17 12:26:15.374,8530.37,0.140307
2019-11-17 12:26:15.382,8530.11,0.040937
2019-11-17 12:26:15.760,8530.09,0.01759
2019-11-17 12:26:15.760,8530.09,0.01759
2019-11-17 12:26:16.060,8530.09,0.003054
2019-11-17 12:26:19.051,8530.5,0.049394
2019-11-17 12:26:19.051,8530.5,0.049394
2019-11-17 12:26:19.055,8530.11,0.041297
2019-11-17 12:26:20.240,8530.71,0.011596
2019-11-17 12:26:21.453,8530.71,0.001333
2019-11-17 12:26:22.077,8530.11,0.085813
2019-11-17 12:26:22.077,8530.11,0.085813
2019-11-17 12:26:22.081,8530.39,0.138509
2019-11-17 12:26:24.968,8530.49,0.011596
2019-11-17 12:26:25.432,8530.36,0.088526
2019-11-17 12:26:25.432,8530.36,0.088526
2019-11-17 12:26:25.441,8530.1,0.044752
2019-11-17 12:26:25.432,8530.36,0.088526
2019-11-17 12:26:25.441,8530.1,0.044752
2019-11-17 12:26:26.103,8530.09,0.001992
2019-11-17 12:26:25.432,8530.36,0.088526
2019-11-17 12:26:25.441,8530.1,0.044752
2019-11-17 12:26:26.103,8530.09,0.001992
2019-11-17 12:26:26.234,8530.09,0.001992
2019-11-17 12:26:26.313,8530.09,0.002859
2019-11-17 12:26:26.313,8530.09,0.002859
2019-11-17 12:26:26.736,8530.49,0.006379
2019-11-17 12:26:26.313,8530.09,0.002859
2019-11-17 12:26:26.736,8530.49,0.006379
2019-11-17 12:26:26.850,8530.49,0.009343
2019-11-17 12:26:27.356,8530.49,0.011596
2019-11-17 12:26:27.356,8530.49,0.011596
2019-11-17 12:26:27.675,8530.49,0.001339
2019-11-17 12:26:28.227,8530.1,0.053494
2019-11-17 12:26:28.227,8530.1,0.053494
2019-11-17 12:26:28.328,8530.1,0.037817
2019-11-17 12:26:28.227,8530.1,0.053494
2019-11-17 12:26:28.328,8530.1,0.037817
2019-11-17 12:26:28.331,8530.22,0.19282
2019-11-17 12:26:29.273,8530.49,0.011839
2019-11-17 12:26:31.480,8530.25,0.031766
2019-11-17 12:26:31.480,8530.25,0.031766
2019-11-17 12:26:31.488,8530.11,0.110538
2019-11-17 12:26:33.199,8530.49,0.001665
2019-11-17 12:26:33.199,8530.49,0.001665
2019-11-17 12:26:33.283,8530.09,0.016069
2019-11-17 12:26:34.563,8530.11,0.005544
2019-11-17 12:26:34.563,8530.11,0.005544
2019-11-17 12:26:34.788,8530.11,0.07069
2019-11-17 12:26:34.563,8530.11,0.005544
2019-11-17 12:26:34.788,8530.11,0.07069
2019-11-17 12:26:34.826,8530.28,0.055319
2019-11-17 12:26:35.888,8530.27,0.001321
2019-11-17 12:26:36.268,8530.08,0.005839
2019-11-17 12:26:37.063,8530.15,0.158353
2019-11-17 12:26:37.063,8530.15,0.158353
2019-11-17 12:26:37.168,8530.24,0.35
2019-11-17 12:26:38.808,8530.09,0.003494
2019-11-17 12:26:38.808,8530.09,0.003494
2019-11-17 12:26:39.031,8530.09,0.108276
2019-11-17 12:26:42.094,8530.21,0.001358
2019-11-17 12:26:42.094,8530.21,0.001358
2019-11-17 12:26:42.289,8530.09,0.178967
2019-11-17 12:26:42.796,8530.21,1.0
2019-11-17 12:26:42.796,8530.21,1.0
2019-11-17 12:26:42.937,8530.21,0.138327
2019-11-17 12:26:42.796,8530.21,1.0
2019-11-17 12:26:42.937,8530.21,0.138327
2019-11-17 12:26:43.252,8530.08,0.24011
2019-11-17 12:26:44.400,8530.19,0.002677
2019-11-17 12:26:45.674,8530.16,0.042606
2019-11-17 12:26:45.674,8530.16,0.042606
2019-11-17 12:26:45.681,8530.19,0.03222
2019-11-17 12:26:48,8530.4,0.194194
2019-11-17 12:26:48.000,8530.4,0.194194
2019-11-17 12:26:48.259,8530.5,0.011597
2019-11-17 12:26:48.000,8530.4,0.194194
2019-11-17 12:26:48.259,8530.5,0.011597
2019-11-17 12:26:48.304,8530.5,0.001396
2019-11-17 12:26:48.000,8530.4,0.194194
2019-11-17 12:26:48.259,8530.5,0.011597
2019-11-17 12:26:48.304,8530.5,0.001396
2019-11-17 12:26:48.520,8530.4,0.001992
2019-11-17 12:26:50.048,8530.42,0.0017
2019-11-17 12:26:50.048,8530.42,0.0017
2019-11-17 12:26:50.851,8530.84,0.475538
2019-11-17 12:26:51.596,8530.69,0.129049
2019-11-17 12:26:53.177,8531.05,0.002855
2019-11-17 12:26:53.851,8530.83,0.005
2019-11-17 12:26:53.851,8530.83,0.005
2019-11-17 12:26:53.994,8530.86,0.006289
2019-11-17 12:26:56.439,8530.99,0.151691
2019-11-17 12:26:56.439,8530.99,0.151691
2019-11-17 12:26:56.507,8531.04,0.001405
2019-11-17 12:26:56.439,8530.99,0.151691
2019-11-17 12:26:56.507,8531.04,0.001405
2019-11-17 12:26:56.902,8531.02,0.078696
2019-11-17 12:26:59.365,8531.04,0.008203
2019-11-17 12:27:00.034,8531.04,0.0033
2019-11-17 12:27:01.233,8531.04,0.011839
2019-11-17 12:27:01.233,8531.04,0.011839
2019-11-17 12:27:01.615,8531.04,0.011839
2019-11-17 12:27:01.233,8531.04,0.011839
2019-11-17 12:27:01.615,8531.04,0.011839
2019-11-17 12:27:01.995,8531.03,0.011839
2019-11-17 12:27:02.369,8531.03,0.011839
2019-11-17 12:27:02.369,8531.03,0.011839
2019-11-17 12:27:02.714,8531.05,0.001336
2019-11-17 12:27:02.369,8531.03,0.011839
2019-11-17 12:27:02.714,8531.05,0.001336
2019-11-17 12:27:02.743,8531.03,0.070175
2019-11-17 12:27:02.369,8531.03,0.011839
2019-11-17 12:27:02.714,8531.05,0.001336
2019-11-17 12:27:02.743,8531.03,0.070175
2019-11-17 12:27:02.960,8531.03,0.016407
2019-11-17 12:27:04.569,8530.4,0.199964
2019-11-17 12:27:04.569,8530.4,0.199964
2019-11-17 12:27:04.863,8530.39,0.047968
2019-11-17 12:27:05.894,8530.61,0.051919
2019-11-17 12:27:05.894,8530.61,0.051919
2019-11-17 12:27:06.045,8530.94,0.008247
2019-11-17 12:27:05.894,8530.61,0.051919
2019-11-17 12:27:06.045,8530.94,0.008247
2019-11-17 12:27:06.138,8530.94,0.010997
2019-11-17 12:27:05.894,8530.61,0.051919
2019-11-17 12:27:06.045,8530.94,0.008247
2019-11-17 12:27:06.138,8530.94,0.010997
2019-11-17 12:27:06.459,8530.39,0.003965
2019-11-17 12:27:07.644,8530.64,0.064042
2019-11-17 12:27:07.644,8530.64,0.064042
2019-11-17 12:27:07.644,8530.63,0.463483
2019-11-17 12:27:08.929,8531.02,0.001314
2019-11-17 12:27:09.466,8530.9,0.072486
2019-11-17 12:27:12.992,8530.78,0.111961
2019-11-17 12:27:12.992,8530.78,0.111961
2019-11-17 12:27:12.996,8530.91,0.149063
2019-11-17 12:27:12.992,8530.78,0.111961
2019-11-17 12:27:12.996,8530.91,0.149063
2019-11-17 12:27:13.252,8530.98,0.02213
2019-11-17 12:27:12.992,8530.78,0.111961
2019-11-17 12:27:12.996,8530.91,0.149063
2019-11-17 12:27:13.252,8530.98,0.02213
2019-11-17 12:27:13.252,8530.99,0.024258
2019-11-17 12:27:13.472,8530.4,0.014877
2019-11-17 12:27:13.472,8530.4,0.014877
2019-11-17 12:27:13.703,8530.4,0.010851
2019-11-17 12:27:15.165,8530.8,0.001355
2019-11-17 12:27:15.485,8530.39,0.004103
2019-11-17 12:27:15.485,8530.39,0.004103
2019-11-17 12:27:16.191,8530.39,0.008204
2019-11-17 12:27:17.666,8530.77,0.001671
2019-11-17 12:27:17.666,8530.77,0.001671
2019-11-17 12:27:17.753,8530.55,0.140999
2019-11-17 12:27:18.967,8530.77,0.011596
2019-11-17 12:27:21.337,8530.76,0.016192
2019-11-17 12:27:21.337,8530.76,0.016192
2019-11-17 12:27:21.341,8530.59,0.108109
2019-11-17 12:27:21.337,8530.76,0.016192
2019-11-17 12:27:21.341,8530.59,0.108109
2019-11-17 12:27:21.356,8530.81,0.001363
2019-11-17 12:27:21.337,8530.76,0.016192
2019-11-17 12:27:21.341,8530.59,0.108109
2019-11-17 12:27:21.356,8530.81,0.001363
2019-11-17 12:27:21.906,8530.81,0.054619
2019-11-17 12:27:22.676,8531.02,0.004336
2019-11-17 12:27:22.676,8531.02,0.004336
2019-11-17 12:27:22.900,8530.51,0.00181
2019-11-17 12:27:24.270,8530.81,0.21709
2019-11-17 12:27:24.270,8530.81,0.21709
2019-11-17 12:27:24.316,8531.02,0.011596
2019-11-17 12:27:27.088,8530.9,0.002334
2019-11-17 12:27:27.088,8530.9,0.002334
2019-11-17 12:27:27.557,8530.9,0.001383
2019-11-17 12:27:29.727,8530.66,0.021696
2019-11-17 12:27:29.727,8530.66,0.021696
2019-11-17 12:27:29.882,8530.9,0.002334
2019-11-17 12:27:29.727,8530.66,0.021696
2019-11-17 12:27:29.882,8530.9,0.002334
2019-11-17 12:27:29.952,8530.83,0.13965
2019-11-17 12:27:29.727,8530.66,0.021696
2019-11-17 12:27:29.882,8530.9,0.002334
2019-11-17 12:27:29.952,8530.83,0.13965
2019-11-17 12:27:29.956,8530.65,0.056331
2019-11-17 12:27:29.727,8530.66,0.021696
2019-11-17 12:27:29.882,8530.9,0.002334
2019-11-17 12:27:29.952,8530.83,0.13965
2019-11-17 12:27:29.956,8530.65,0.056331
2019-11-17 12:27:30.008,8530.89,0.002803
2019-11-17 12:27:30.203,8530.63,0.029636
2019-11-17 12:27:30.203,8530.63,0.029636
2019-11-17 12:27:30.516,8530.89,0.002334
2019-11-17 12:27:33.037,8530.63,0.001775
2019-11-17 12:27:33.037,8530.63,0.001775
2019-11-17 12:27:33.565,8530.65,0.006428
2019-11-17 12:27:33.793,8530.89,0.001293
2019-11-17 12:27:33.793,8530.89,0.001293
2019-11-17 12:27:34.264,8530.65,0.101201
2019-11-17 12:27:33.793,8530.89,0.001293
2019-11-17 12:27:34.264,8530.65,0.101201
2019-11-17 12:27:34.268,8530.71,0.189034
2019-11-17 12:27:33.793,8530.89,0.001293
2019-11-17 12:27:34.264,8530.65,0.101201
2019-11-17 12:27:34.268,8530.71,0.189034
2019-11-17 12:27:34.441,8530.89,0.05467
2019-11-17 12:27:35.785,8530.89,0.008182
2019-11-17 12:27:35.785,8530.89,0.008182
2019-11-17 12:27:35.899,8530.89,0.002344
2019-11-17 12:27:35.785,8530.89,0.008182
2019-11-17 12:27:35.899,8530.89,0.002344
2019-11-17 12:27:35.992,8530.63,0.012029
2019-11-17 12:27:35.785,8530.89,0.008182
2019-11-17 12:27:35.899,8530.89,0.002344
2019-11-17 12:27:35.992,8530.63,0.012029
2019-11-17 12:27:36.307,8530.89,0.026629
2019-11-17 12:27:35.785,8530.89,0.008182
2019-11-17 12:27:35.899,8530.89,0.002344
2019-11-17 12:27:35.992,8530.63,0.012029
2019-11-17 12:27:36.307,8530.89,0.026629
2019-11-17 12:27:36.500,8530.89,0.016705
2019-11-17 12:27:37.447,8530.65,0.109038
2019-11-17 12:27:37.447,8530.65,0.109038
2019-11-17 12:27:37.453,8530.63,0.01422
2019-11-17 12:27:39.991,8530.89,0.001382
2019-11-17 12:27:40.582,8530.65,0.074196
2019-11-17 12:27:40.582,8530.65,0.074196
2019-11-17 12:27:40.587,8530.74,0.045886
2019-11-17 12:27:40.582,8530.65,0.074196
2019-11-17 12:27:40.587,8530.74,0.045886
2019-11-17 12:27:41.318,8530.6,0.02344
2019-11-17 12:27:42.340,8530.5,0.234443
2019-11-17 12:27:42.544,8530.5,0.054135
2019-11-17 12:27:42.544,8530.5,0.054135
2019-11-17 12:27:42.661,8530.5,0.053287
2019-11-17 12:27:42.544,8530.5,0.054135
2019-11-17 12:27:42.661,8530.5,0.053287
2019-11-17 12:27:42.776,8530.52,0.013779
2019-11-17 12:27:43.433,8530.52,0.092937
2019-11-17 12:27:44.658,8530.5,0.001991
2019-11-17 12:27:45.840,8530.51,0.004324
2019-11-17 12:27:48.188,8530.87,0.001388
2019-11-17 12:27:48.636,8530.53,0.001428
2019-11-17 12:27:48.636,8530.53,0.001428
2019-11-17 12:27:48.962,8530.87,0.005199
2019-11-17 12:27:48.636,8530.53,0.001428
2019-11-17 12:27:48.962,8530.87,0.005199
2019-11-17 12:27:49.162,8530.53,0.031718
2019-11-17 12:27:49.518,8530.87,0.011839
2019-11-17 12:27:49.518,8530.87,0.011839
2019-11-17 12:27:50.004,8530.78,0.042915
2019-11-17 12:27:49.518,8530.87,0.011839
2019-11-17 12:27:50.004,8530.78,0.042915
2019-11-17 12:27:50.005,8530.78,0.04327
2019-11-17 12:27:54.108,8530.75,0.012405
2019-11-17 12:27:54.367,8530.55,0.009713
2019-11-17 12:27:54.367,8530.55,0.009713
2019-11-17 12:27:54.790,8530.76,0.16856
2019-11-17 12:27:54.367,8530.55,0.009713
2019-11-17 12:27:54.790,8530.76,0.16856
2019-11-17 12:27:54.795,8530.55,0.086563
2019-11-17 12:27:55.817,8530.5,0.163763
2019-11-17 12:27:56.401,8530.89,0.001366
2019-11-17 12:27:56.401,8530.89,0.001366
2019-11-17 12:27:56.443,8530.89,0.006354
2019-11-17 12:27:58.171,8530.9,0.028367
2019-11-17 12:28:00.118,8530.71,0.129791
2019-11-17 12:28:00.118,8530.71,0.129791
2019-11-17 12:28:00.323,8530.9,0.003116
2019-11-17 12:28:01.633,8530.64,0.047141
2019-11-17 12:28:02.722,8530.64,0.00587
2019-11-17 12:28:04.602,8530.9,6e-06
2019-11-17 12:28:04.602,8530.9,6e-06
2019-11-17 12:28:04.602,8531.02,0.001387
2019-11-17 12:28:04.602,8530.9,6e-06
2019-11-17 12:28:04.602,8531.02,0.001387
2019-11-17 12:28:04.684,8530.71,0.257826
2019-11-17 12:28:04.602,8530.9,6e-06
2019-11-17 12:28:04.602,8531.02,0.001387
2019-11-17 12:28:04.684,8530.71,0.257826
2019-11-17 12:28:04.695,8531.02,0.006099
2019-11-17 12:28:05.066,8530.71,0.006194
2019-11-17 12:28:05.828,8531.03,0.002731
2019-11-17 12:28:05.828,8531.03,0.002731
2019-11-17 12:28:05.948,8531.06,0.00872
2019-11-17 12:28:05.828,8531.03,0.002731
2019-11-17 12:28:05.948,8531.06,0.00872
2019-11-17 12:28:06.072,8531.06,0.004393
2019-11-17 12:28:05.828,8531.03,0.002731
2019-11-17 12:28:05.948,8531.06,0.00872
2019-11-17 12:28:06.072,8531.06,0.004393
2019-11-17 12:28:06.185,8531.06,0.07166
2019-11-17 12:28:08.734,8530.83,0.011839
2019-11-17 12:28:10.091,8530.85,0.064363
2019-11-17 12:28:10.809,8532.06,0.001361
2019-11-17 12:28:13.504,8530.89,0.10304
2019-11-17 12:28:17.016,8531.0,0.001336
2019-11-17 12:28:17.016,8531.0,0.001336
2019-11-17 12:28:17.253,8530.96,0.07827
2019-11-17 12:28:17.016,8531.0,0.001336
2019-11-17 12:28:17.253,8530.96,0.07827
2019-11-17 12:28:17.253,8531.0,0.00036
2019-11-17 12:28:17.016,8531.0,0.001336
2019-11-17 12:28:17.253,8530.96,0.07827
2019-11-17 12:28:17.253,8531.0,0.00036
2019-11-17 12:28:17.656,8532.09,0.011595
2019-11-17 12:28:17.016,8531.0,0.001336
2019-11-17 12:28:17.253,8530.96,0.07827
2019-11-17 12:28:17.253,8531.0,0.00036
2019-11-17 12:28:17.656,8532.09,0.011595
2019-11-17 12:28:18.149,8531.38,0.101536
2019-11-17 12:28:20.985,8533.34,0.023439
2019-11-17 12:28:20.985,8533.34,0.023439
2019-11-17 12:28:21.085,8533.33,0.023418
2019-11-17 12:28:22.244,8533.33,0.023437
2019-11-17 12:28:22.244,8533.33,0.023437
2019-11-17 12:28:22.244,8533.91,0.003119
2019-11-17 12:28:22.244,8533.33,0.023437
2019-11-17 12:28:22.244,8533.91,0.003119
2019-11-17 12:28:22.357,8533.91,0.019457
2019-11-17 12:28:22.244,8533.33,0.023437
2019-11-17 12:28:22.244,8533.91,0.003119
2019-11-17 12:28:22.357,8533.91,0.019457
2019-11-17 12:28:22.409,8533.61,0.05
2019-11-17 12:28:22.244,8533.33,0.023437
2019-11-17 12:28:22.244,8533.91,0.003119
2019-11-17 12:28:22.357,8533.91,0.019457
2019-11-17 12:28:22.409,8533.61,0.05
2019-11-17 12:28:22.409,8533.97,0.35
2019-11-17 12:28:22.244,8533.33,0.023437
2019-11-17 12:28:22.244,8533.91,0.003119
2019-11-17 12:28:22.357,8533.91,0.019457
2019-11-17 12:28:22.409,8533.61,0.05
2019-11-17 12:28:22.409,8533.97,0.35
2019-11-17 12:28:22.760,8533.97,0.011835
2019-11-17 12:28:22.244,8533.33,0.023437
2019-11-17 12:28:22.244,8533.91,0.003119
2019-11-17 12:28:22.357,8533.91,0.019457
2019-11-17 12:28:22.409,8533.61,0.05
2019-11-17 12:28:22.409,8533.97,0.35
2019-11-17 12:28:22.760,8533.97,0.011835
2019-11-17 12:28:23.014,8533.97,0.060084
2019-11-17 12:28:23.155,8532.99,0.215774
2019-11-17 12:28:23.155,8532.99,0.215774
2019-11-17 12:28:23.242,8534.65,0.001313
2019-11-17 12:28:23.155,8532.99,0.215774
2019-11-17 12:28:23.242,8534.65,0.001313
2019-11-17 12:28:23.626,8534.64,0.058594
2019-11-17 12:28:23.155,8532.99,0.215774
2019-11-17 12:28:23.242,8534.65,0.001313
2019-11-17 12:28:23.626,8534.64,0.058594
2019-11-17 12:28:23.626,8535.26,0.001557
2019-11-17 12:28:23.155,8532.99,0.215774
2019-11-17 12:28:23.242,8534.65,0.001313
2019-11-17 12:28:23.626,8534.64,0.058594
2019-11-17 12:28:23.626,8535.26,0.001557
2019-11-17 12:28:23.922,8531.64,0.001888
2019-11-17 12:28:27.178,8534.76,0.345528
2019-11-17 12:28:27.777,8534.01,0.060082
2019-11-17 12:28:31.450,8534.01,0.001294
2019-11-17 12:28:31.450,8534.01,0.001294
2019-11-17 12:28:31.895,8534.01,0.001793
2019-11-17 12:28:32.754,8533.97,0.024133
2019-11-17 12:28:32.754,8533.97,0.024133
2019-11-17 12:28:32.866,8533.97,0.086576
2019-11-17 12:28:32.754,8533.97,0.024133
2019-11-17 12:28:32.866,8533.97,0.086576
2019-11-17 12:28:32.957,8533.97,0.048851
2019-11-17 12:28:36.680,8533.98,0.008865
2019-11-17 12:28:39.657,8533.98,0.001387
2019-11-17 12:28:39.657,8533.98,0.001387
2019-11-17 12:28:39.940,8533.98,0.387371
2019-11-17 12:28:43.370,8534.03,0.023433
2019-11-17 12:28:43.370,8534.03,0.023433
2019-11-17 12:28:43.370,8534.03,0.098119
2019-11-17 12:28:44.860,8534.13,0.03279
2019-11-17 12:28:45.484,8534.14,0.050381
2019-11-17 12:28:45.484,8534.14,0.050381
2019-11-17 12:28:45.605,8534.14,0.013638
2019-11-17 12:28:45.484,8534.14,0.050381
2019-11-17 12:28:45.605,8534.14,0.013638
2019-11-17 12:28:46.119,8534.12,0.018829
2019-11-17 12:28:46.429,8534.14,0.004284
2019-11-17 12:28:47.886,8534.13,0.001352
2019-11-17 12:28:48.208,8534.13,0.003222
2019-11-17 12:28:48.208,8534.13,0.003222
2019-11-17 12:28:48.865,8534.13,0.045426
2019-11-17 12:28:48.208,8534.13,0.003222
2019-11-17 12:28:48.865,8534.13,0.045426
2019-11-17 12:28:48.865,8534.13,0.144596
2019-11-17 12:28:48.208,8534.13,0.003222
2019-11-17 12:28:48.865,8534.13,0.045426
2019-11-17 12:28:48.865,8534.13,0.144596
2019-11-17 12:28:48.865,8534.14,0.119786
2019-11-17 12:28:48.208,8534.13,0.003222
2019-11-17 12:28:48.865,8534.13,0.045426
2019-11-17 12:28:48.865,8534.13,0.144596
2019-11-17 12:28:48.865,8534.14,0.119786
2019-11-17 12:28:48.865,8534.14,2.0
2019-11-17 12:28:48.208,8534.13,0.003222
2019-11-17 12:28:48.865,8534.13,0.045426
2019-11-17 12:28:48.865,8534.13,0.144596
2019-11-17 12:28:48.865,8534.14,0.119786
2019-11-17 12:28:48.865,8534.14,2.0
2019-11-17 12:28:48.865,8534.14,2.0
2019-11-17 12:28:48.208,8534.13,0.003222
2019-11-17 12:28:48.865,8534.13,0.045426
2019-11-17 12:28:48.865,8534.13,0.144596
2019-11-17 12:28:48.865,8534.14,0.119786
2019-11-17 12:28:48.865,8534.14,2.0
2019-11-17 12:28:48.865,8534.14,2.0
2019-11-17 12:28:48.865,8534.2,0.781254
2019-11-17 12:28:49.146,8534.13,0.130863
2019-11-17 12:28:49.146,8534.13,0.130863
2019-11-17 12:28:49.146,8534.13,0.007801
2019-11-17 12:28:49.146,8534.13,0.130863
2019-11-17 12:28:49.146,8534.13,0.007801
2019-11-17 12:28:49.414,8534.63,0.031397
2019-11-17 12:28:49.146,8534.13,0.130863
2019-11-17 12:28:49.146,8534.13,0.007801
2019-11-17 12:28:49.414,8534.63,0.031397
2019-11-17 12:28:49.414,8535.06,0.112691
2019-11-17 12:28:49.146,8534.13,0.130863
2019-11-17 12:28:49.146,8534.13,0.007801
2019-11-17 12:28:49.414,8534.63,0.031397
2019-11-17 12:28:49.414,8535.06,0.112691
2019-11-17 12:28:49.414,8535.73,0.255912
2019-11-17 12:28:49.975,8535.69,0.007801
2019-11-17 12:28:49.975,8535.69,0.007801
2019-11-17 12:28:49.975,8535.93,0.152281
2019-11-17 12:28:49.975,8535.69,0.007801
2019-11-17 12:28:49.975,8535.93,0.152281
2019-11-17 12:28:49.975,8535.96,0.114918
2019-11-17 12:28:49.975,8535.69,0.007801
2019-11-17 12:28:49.975,8535.93,0.152281
2019-11-17 12:28:49.975,8535.96,0.114918
2019-11-17 12:28:50.001,8535.29,0.255815
2019-11-17 12:28:49.975,8535.69,0.007801
2019-11-17 12:28:49.975,8535.93,0.152281
2019-11-17 12:28:49.975,8535.96,0.114918
2019-11-17 12:28:50.001,8535.29,0.255815
2019-11-17 12:28:50.198,8535.94,0.0141
2019-11-17 12:28:49.975,8535.69,0.007801
2019-11-17 12:28:49.975,8535.93,0.152281
2019-11-17 12:28:49.975,8535.96,0.114918
2019-11-17 12:28:50.001,8535.29,0.255815
2019-11-17 12:28:50.198,8535.94,0.0141
2019-11-17 12:28:50.267,8535.94,0.0141
2019-11-17 12:28:49.975,8535.69,0.007801
2019-11-17 12:28:49.975,8535.93,0.152281
2019-11-17 12:28:49.975,8535.96,0.114918
2019-11-17 12:28:50.001,8535.29,0.255815
2019-11-17 12:28:50.198,8535.94,0.0141
2019-11-17 12:28:50.267,8535.94,0.0141
2019-11-17 12:28:50.317,8534.52,0.052018
2019-11-17 12:28:49.975,8535.69,0.007801
2019-11-17 12:28:49.975,8535.93,0.152281
2019-11-17 12:28:49.975,8535.96,0.114918
2019-11-17 12:28:50.001,8535.29,0.255815
2019-11-17 12:28:50.198,8535.94,0.0141
2019-11-17 12:28:50.267,8535.94,0.0141
2019-11-17 12:28:50.317,8534.52,0.052018
2019-11-17 12:28:50.420,8534.55,0.081338
2019-11-17 12:28:49.975,8535.69,0.007801
2019-11-17 12:28:49.975,8535.93,0.152281
2019-11-17 12:28:49.975,8535.96,0.114918
2019-11-17 12:28:50.001,8535.29,0.255815
2019-11-17 12:28:50.198,8535.94,0.0141
2019-11-17 12:28:50.267,8535.94,0.0141
2019-11-17 12:28:50.317,8534.52,0.052018
2019-11-17 12:28:50.420,8534.55,0.081338
2019-11-17 12:28:50.547,8534.57,0.012626
2019-11-17 12:28:49.975,8535.69,0.007801
2019-11-17 12:28:49.975,8535.93,0.152281
2019-11-17 12:28:49.975,8535.96,0.114918
2019-11-17 12:28:50.001,8535.29,0.255815
2019-11-17 12:28:50.198,8535.94,0.0141
2019-11-17 12:28:50.267,8535.94,0.0141
2019-11-17 12:28:50.317,8534.52,0.052018
2019-11-17 12:28:50.420,8534.55,0.081338
2019-11-17 12:28:50.547,8534.57,0.012626
2019-11-17 12:28:50.627,8534.59,0.054868
2019-11-17 12:28:50.732,8534.61,0.026805
2019-11-17 12:28:50.732,8534.61,0.026805
2019-11-17 12:28:50.957,8534.63,0.00461
2019-11-17 12:28:50.732,8534.61,0.026805
2019-11-17 12:28:50.957,8534.63,0.00461
2019-11-17 12:28:51.047,8534.63,0.001822
2019-11-17 12:28:50.732,8534.61,0.026805
2019-11-17 12:28:50.957,8534.63,0.00461
2019-11-17 12:28:51.047,8534.63,0.001822
2019-11-17 12:28:51.159,8535.75,0.035172
2019-11-17 12:28:51.952,8534.46,0.011835
2019-11-17 12:28:51.952,8534.46,0.011835
2019-11-17 12:28:52.321,8534.4,0.011835
2019-11-17 12:28:52.689,8534.37,0.011835
2019-11-17 12:28:52.689,8534.37,0.011835
2019-11-17 12:28:53.055,8534.37,0.011596
2019-11-17 12:28:52.689,8534.37,0.011835
2019-11-17 12:28:53.055,8534.37,0.011596
2019-11-17 12:28:53.055,8534.21,0.000239
2019-11-17 12:28:53.424,8534.21,0.011835
2019-11-17 12:28:53.424,8534.21,0.011835
2019-11-17 12:28:54.111,8534.79,0.113407
2019-11-17 12:28:54.718,8534.56,0.060068
2019-11-17 12:28:55.334,8534.35,0.060004
2019-11-17 12:28:55.334,8534.35,0.060004
2019-11-17 12:28:55.778,8534.23,0.0082
2019-11-17 12:28:55.334,8534.35,0.060004
2019-11-17 12:28:55.778,8534.23,0.0082
2019-11-17 12:28:55.944,8534.24,0.060001
2019-11-17 12:28:55.334,8534.35,0.060004
2019-11-17 12:28:55.778,8534.23,0.0082
2019-11-17 12:28:55.944,8534.24,0.060001
2019-11-17 12:28:56.101,8534.24,0.001406
2019-11-17 12:28:56.546,8534.24,0.060137
2019-11-17 12:28:56.546,8534.24,0.060137
2019-11-17 12:28:56.553,8534.23,0.007444
2019-11-17 12:28:56.546,8534.24,0.060137
2019-11-17 12:28:56.553,8534.23,0.007444
2019-11-17 12:28:56.637,8534.24,0.014417
2019-11-17 12:28:57.805,8534.53,0.001788
2019-11-17 12:29:00.171,8535.02,0.032802
2019-11-17 12:29:00.171,8535.02,0.032802
2019-11-17 12:29:00.175,8535.01,0.540342
2019-11-17 12:29:00.171,8535.02,0.032802
2019-11-17 12:29:00.175,8535.01,0.540342
2019-11-17 12:29:00.180,8535.03,0.353668
2019-11-17 12:29:00.458,8535.83,0.007571
2019-11-17 12:29:00.458,8535.83,0.007571
2019-11-17 12:29:00.836,8535.07,0.003399
2019-11-17 12:29:01.969,8535.24,0.221845
2019-11-17 12:29:01.969,8535.24,0.221845
2019-11-17 12:29:02.313,8535.33,0.001372
2019-11-17 12:29:04.164,8535.09,0.042176
2019-11-17 12:29:04.164,8535.09,0.042176
2019-11-17 12:29:04.164,8535.06,0.046117
2019-11-17 12:29:04.406,8535.06,0.052975
2019-11-17 12:29:04.406,8535.06,0.052975
2019-11-17 12:29:04.420,8535.07,0.00233
2019-11-17 12:29:04.406,8535.06,0.052975
2019-11-17 12:29:04.420,8535.07,0.00233
2019-11-17 12:29:04.502,8533.99,0.002344
2019-11-17 12:29:04.406,8535.06,0.052975
2019-11-17 12:29:04.420,8535.07,0.00233
2019-11-17 12:29:04.502,8533.99,0.002344
2019-11-17 12:29:04.739,8534.03,0.032107
2019-11-17 12:29:05.894,8534.79,0.006146
2019-11-17 12:29:06.527,8534.79,0.00238
2019-11-17 12:29:06.527,8534.79,0.00238
2019-11-17 12:29:06.859,8534.98,0.1
2019-11-17 12:29:08.105,8534.98,0.023416
2019-11-17 12:29:08.534,8534.98,1.5e-05
2019-11-17 12:29:08.534,8534.98,1.5e-05
2019-11-17 12:29:08.534,8535.41,0.001312
2019-11-17 12:29:09.692,8535.67,0.003447
2019-11-17 12:29:09.692,8535.67,0.003447
2019-11-17 12:29:10.120,8535.67,0.142733
2019-11-17 12:29:10.205,8535.49,0.010986
2019-11-17 12:29:10.205,8535.49,0.010986
2019-11-17 12:29:10.307,8535.49,0.006491
2019-11-17 12:29:12.120,8535.67,0.142731
2019-11-17 12:29:13.120,8535.99,0.142731
2019-11-17 12:29:14.010,8535.7,0.006838
2019-11-17 12:29:14.010,8535.7,0.006838
2019-11-17 12:29:14.309,8535.82,0.056884
2019-11-17 12:29:14.739,8535.7,0.001356
2019-11-17 12:29:17.395,8535.7,0.021047
2019-11-17 12:29:18.519,8535.73,0.0232
2019-11-17 12:29:18.519,8535.73,0.0232
2019-11-17 12:29:19.132,8535.99,1.515623
2019-11-17 12:29:19.269,8535.73,0.005711
2019-11-17 12:29:19.269,8535.73,0.005711
2019-11-17 12:29:19.606,8535.79,0.09902
2019-11-17 12:29:19.269,8535.73,0.005711
2019-11-17 12:29:19.606,8535.79,0.09902
2019-11-17 12:29:19.608,8535.72,0.07049
2019-11-17 12:29:22.955,8535.66,0.001361
2019-11-17 12:29:27.253,8535.66,0.001407
2019-11-17 12:29:29.161,8535.66,0.001295
2019-11-17 12:29:31.133,8535.66,0.001992
2019-11-17 12:29:31.133,8535.66,0.001992
2019-11-17 12:29:31.243,8535.66,0.001992
2019-11-17 12:29:33.979,8535.85,0.142382
2019-11-17 12:29:33.979,8535.85,0.142382
2019-11-17 12:29:34.092,8535.99,0.019723
2019-11-17 12:29:33.979,8535.85,0.142382
2019-11-17 12:29:34.092,8535.99,0.019723
2019-11-17 12:29:34.106,8536.0,0.00846
2019-11-17 12:29:33.979,8535.85,0.142382
2019-11-17 12:29:34.092,8535.99,0.019723
2019-11-17 12:29:34.106,8536.0,0.00846
2019-11-17 12:29:34.202,8536.0,0.035236
2019-11-17 12:29:34.900,8535.99,5e-06
2019-11-17 12:29:34.900,8535.99,5e-06
2019-11-17 12:29:35.052,8535.68,0.012861
2019-11-17 12:29:34.900,8535.99,5e-06
2019-11-17 12:29:35.052,8535.68,0.012861
2019-11-17 12:29:35.073,8535.95,0.048905
2019-11-17 12:29:34.900,8535.99,5e-06
2019-11-17 12:29:35.052,8535.68,0.012861
2019-11-17 12:29:35.073,8535.95,0.048905
2019-11-17 12:29:35.184,8535.68,0.014334
2019-11-17 12:29:34.900,8535.99,5e-06
2019-11-17 12:29:35.052,8535.68,0.012861
2019-11-17 12:29:35.073,8535.95,0.048905
