Time,Price,Qty
2019-11-17 11:48:43.257,8530.13,0.15149
2019-11-17 11:48:43.257,8530.14,0.044324
2019-11-17 11:48:43.877,8530.04,0.023444
2019-11-17 11:48:43.877,8530.05,0.036566
2019-11-17 11:48:45.135,8530.64,0.001415
2019-11-17 11:48:46.321,8529.34,0.00198
2019-11-17 11:48:46.401,8529.34,0.00198
2019-11-17 11:48:46.477,8529.65,0.046774
2019-11-17 11:48:46.479,8529.65,0.133878
2019-11-17 11:48:46.640,8529.34,0.003874
2019-11-17 11:48:47.148,8529.34,0.042898
2019-11-17 11:48:47.214,8529.39,0.046411
2019-11-17 11:48:47.214,8529.44,0.276379
2019-11-17 11:48:47.722,8529.35,0.005877
2019-11-17 11:48:47.827,8529.35,0.022633
2019-11-17 11:48:47.827,8529.35,0.037457
2019-11-17 11:48:48.448,8529.35,0.060099
2019-11-17 11:48:49.066,8529.35,0.060155
2019-11-17 11:48:49.682,8529.35,0.060052
2019-11-17 11:48:50.311,8529.35,0.060114
2019-11-17 11:48:50.920,8529.35,0.060097
2019-11-17 11:48:50.941,8529.35,0.046128
2019-11-17 11:48:51.027,8529.35,0.005708
2019-11-17 11:48:51.130,8529.35,0.009284
2019-11-17 11:48:51.234,8529.35,0.054933
2019-11-17 11:48:51.331,8529.35,0.051725
2019-11-17 11:48:51.401,8529.35,0.00136
2019-11-17 11:48:51.452,8529.35,0.034718
2019-11-17 11:48:51.547,8529.35,0.060105
2019-11-17 11:48:51.989,8529.35,0.011841
2019-11-17 11:48:52.165,8529.35,0.060101
2019-11-17 11:48:52.191,8529.28,0.023439
2019-11-17 11:48:52.785,8529.3,0.017515
2019-11-17 11:48:52.785,8529.35,0.04253
2019-11-17 11:48:53.329,8529.33,0.010762
2019-11-17 11:48:53.400,8529.33,1e-06
2019-11-17 11:48:53.400,8529.35,0.060093
2019-11-17 11:48:53.546,8529.34,0.006596
2019-11-17 11:48:54.022,8529.34,1e-06
2019-11-17 11:48:54.022,8529.35,0.060127
2019-11-17 11:48:54.066,8529.35,0.030052
2019-11-17 11:48:54.272,8529.35,0.052713
2019-11-17 11:48:54.640,8529.32,0.023439
2019-11-17 11:48:54.640,8529.33,0.03668
2019-11-17 11:48:55.254,8529.29,0.005594
2019-11-17 11:48:55.254,8529.29,0.054514
2019-11-17 11:48:55.874,8529.25,0.003433
2019-11-17 11:48:55.874,8529.29,0.056673
2019-11-17 11:48:56.483,8529.25,0.060001
2019-11-17 11:48:56.993,8528.13,0.305374
2019-11-17 11:48:57.024,8527.66,0.086105
2019-11-17 11:48:57.106,8529.22,0.009104
2019-11-17 11:48:57.106,8529.24,0.050997
2019-11-17 11:48:57.551,8527.4,0.049984
2019-11-17 11:48:57.553,8527.4,1.6e-05
2019-11-17 11:48:57.553,8529.11,0.001371
2019-11-17 11:48:57.679,8527.4,0.01234
2019-11-17 11:48:57.679,8527.4,0.060001
2019-11-17 11:48:57.743,8527.4,0.010459
2019-11-17 11:48:57.885,8527.4,0.002334
2019-11-17 11:48:58.029,8527.39,0.023448
2019-11-17 11:48:58.031,8527.4,0.3615
2019-11-17 11:48:58.191,8527.38,0.00505
2019-11-17 11:48:58.281,8527.38,3e-06
2019-11-17 11:48:58.281,8527.4,0.060052
2019-11-17 11:48:58.421,8527.38,0.003085
2019-11-17 11:48:58.530,8527.36,0.003086
2019-11-17 11:48:58.530,8527.37,0.049346
2019-11-17 11:48:58.853,8527.37,0.062338
2019-11-17 11:48:58.907,8527.37,0.060057
2019-11-17 11:48:59.093,8527.37,0.035178
2019-11-17 11:48:59.522,8527.37,0.060022
2019-11-17 11:49:00.115,8527.37,0.062338
2019-11-17 11:49:00.146,8527.37,0.060046
2019-11-17 11:49:00.760,8527.37,0.060143
2019-11-17 11:49:01.380,8527.35,0.06005
2019-11-17 11:49:02.000,8527.32,0.060018
2019-11-17 11:49:02.624,8527.32,0.060044
2019-11-17 11:49:03.243,8527.32,0.060097
2019-11-17 11:49:03.582,8527.32,0.062338
2019-11-17 11:49:03.693,8527.32,0.093479
2019-11-17 11:49:03.790,8527.32,0.001343
2019-11-17 11:49:03.853,8527.32,0.060071
2019-11-17 11:49:04.473,8527.32,0.060159
2019-11-17 11:49:05.099,8527.32,0.06005
2019-11-17 11:49:05.719,8527.29,0.060152
2019-11-17 11:49:06.328,8527.26,0.023448
2019-11-17 11:49:06.328,8527.27,0.03664
2019-11-17 11:49:06.684,8525.89,0.187208
2019-11-17 11:49:06.947,8527.27,0.060145
2019-11-17 11:49:07.573,8527.27,0.060076
2019-11-17 11:49:08.183,8527.25,0.06015
2019-11-17 11:49:08.514,8527.25,0.48
2019-11-17 11:49:08.688,8525.66,0.001837
2019-11-17 11:49:08.808,8527.25,0.060079
2019-11-17 11:49:09.418,8527.25,0.060038
2019-11-17 11:49:09.745,8527.22,0.050406
2019-11-17 11:49:10.032,8527.22,0.06012
2019-11-17 11:49:10.656,8527.22,0.060032
2019-11-17 11:49:11.272,8527.22,0.060052
2019-11-17 11:49:11.888,8527.22,0.060119
2019-11-17 11:49:11.991,8527.22,0.00132
2019-11-17 11:49:12.502,8527.22,0.060103
2019-11-17 11:49:13.111,8527.22,0.060121
2019-11-17 11:49:13.204,8525.45,0.269867
2019-11-17 11:49:13.204,8525.37,0.165133
2019-11-17 11:49:13.730,8526.92,0.060149
2019-11-17 11:49:14.336,8526.59,0.060129
2019-11-17 11:49:14.954,8526.41,0.060074
2019-11-17 11:49:15.557,8526.4,0.059799
2019-11-17 11:49:15.557,8526.4,0.000293
2019-11-17 11:49:16.171,8526.4,0.060138
2019-11-17 11:49:16.378,8525.69,0.199868
2019-11-17 11:49:16.775,8526.31,0.060002
2019-11-17 11:49:17.391,8526.19,0.060124
2019-11-17 11:49:17.985,8526.07,0.060031
2019-11-17 11:49:18.194,8526.03,0.001403
2019-11-17 11:49:18.599,8526.03,0.060214
2019-11-17 11:49:19.201,8526.03,0.060014
2019-11-17 11:49:19.799,8525.99,0.060017
2019-11-17 11:49:20.201,8524.99,0.005316
2019-11-17 11:49:20.301,8524.99,0.018092
2019-11-17 11:49:20.401,8525.86,0.03233
2019-11-17 11:49:20.401,8525.87,0.027797
2019-11-17 11:49:20.999,8525.77,0.06005
2019-11-17 11:49:21.244,8525.72,0.008
2019-11-17 11:49:21.296,8525.5,0.122701
2019-11-17 11:49:21.473,8525.16,0.005803
2019-11-17 11:49:21.600,8525.67,0.016743
2019-11-17 11:49:21.600,8525.68,0.043275
2019-11-17 11:49:21.605,8525.16,0.036182
2019-11-17 11:49:21.619,8525.68,0.005316
2019-11-17 11:49:21.655,8525.67,0.002962
2019-11-17 11:49:21.807,8525.67,0.002354
2019-11-17 11:49:21.807,8525.67,0.010339
2019-11-17 11:49:21.887,8525.67,0.006364
2019-11-17 11:49:22.039,8525.18,0.013312
2019-11-17 11:49:22.046,8525.65,0.026561
2019-11-17 11:49:22.194,8525.63,0.033516
2019-11-17 11:49:22.194,8525.64,0.026552
2019-11-17 11:49:22.204,8525.18,0.009899
2019-11-17 11:49:22.212,8525.62,0.033516
2019-11-17 11:49:22.283,8525.2,0.1712
2019-11-17 11:49:22.309,8525.61,0.001603
2019-11-17 11:49:22.730,8525.53,0.075076
2019-11-17 11:49:22.730,8525.54,0.008562
2019-11-17 11:49:22.760,8525.53,0.046103
2019-11-17 11:49:22.760,8525.54,0.014015
2019-11-17 11:49:23.342,8525.54,0.060008
2019-11-17 11:49:23.343,8525.54,0.090019
2019-11-17 11:49:23.623,8525.53,0.008296
2019-11-17 11:49:23.673,8525.53,0.032547
2019-11-17 11:49:23.778,8525.53,0.002295
2019-11-17 11:49:23.915,8525.54,0.060146
2019-11-17 11:49:24.409,8525.54,0.001359
2019-11-17 11:49:24.480,8525.54,0.060045
2019-11-17 11:49:25.068,8525.92,0.060075
2019-11-17 11:49:25.363,8525.92,0.002152
2019-11-17 11:49:25.484,8525.92,0.082269
2019-11-17 11:49:25.589,8525.86,0.001357
2019-11-17 11:49:25.654,8525.92,1.4e-05
2019-11-17 11:49:25.654,8527.68,0.001357
2019-11-17 11:49:25.654,8527.69,0.028124
2019-11-17 11:49:25.654,8527.72,0.030566
2019-11-17 11:49:25.901,8526.01,0.004659
2019-11-17 11:49:27.901,8527.71,0.010973
2019-11-17 11:49:30.621,8527.59,0.001407
2019-11-17 11:49:30.670,8526.14,0.0052
2019-11-17 11:49:31.072,8526.14,0.048632
2019-11-17 11:49:31.465,8526.81,0.096068
2019-11-17 11:49:31.518,8527.53,0.040817
2019-11-17 11:49:31.518,8527.58,0.359183
2019-11-17 11:49:31.641,8526.13,0.001439
2019-11-17 11:49:31.704,8526.88,0.006326
2019-11-17 11:49:32.136,8526.79,0.025077
2019-11-17 11:49:32.136,8526.8,0.035065
2019-11-17 11:49:32.551,8526.13,0.036805
2019-11-17 11:49:32.740,8526.77,0.060012
2019-11-17 11:49:32.841,8526.13,0.00885
2019-11-17 11:49:33.391,8526.77,0.060048
2019-11-17 11:49:33.621,8526.13,0.004231
2019-11-17 11:49:33.953,8526.77,0.06
2019-11-17 11:49:34.254,8526.13,0.00621
2019-11-17 11:49:34.561,8526.77,0.060085
2019-11-17 11:49:34.600,8526.77,0.001974
2019-11-17 11:49:34.674,8526.77,0.048724
2019-11-17 11:49:34.788,8526.77,0.050376
2019-11-17 11:49:34.917,8526.77,0.011949
2019-11-17 11:49:35.168,8526.77,0.060079
2019-11-17 11:49:35.779,8526.74,0.015432
2019-11-17 11:49:35.779,8526.74,0.044678
2019-11-17 11:49:35.960,8526.11,0.002574
2019-11-17 11:49:36.389,8526.69,0.009452
2019-11-17 11:49:36.389,8526.7,0.050664
2019-11-17 11:49:36.833,8526.11,4e-05
2019-11-17 11:49:36.833,8525.56,0.00128
2019-11-17 11:49:36.906,8525.56,0.022126
2019-11-17 11:49:36.991,8526.69,0.00128
2019-11-17 11:49:36.991,8526.7,0.058763
2019-11-17 11:49:37.000,8525.89,0.216424
2019-11-17 11:49:37.602,8526.58,0.060087
2019-11-17 11:49:37.999,8526.5,2.0
2019-11-17 11:49:37.999,8526.5,0.070018
2019-11-17 11:49:38.196,8526.46,0.060039
2019-11-17 11:49:38.802,8525.56,0.00198
2019-11-17 11:49:38.802,8526.34,0.060034
2019-11-17 11:49:39.399,8526.34,0.060095
2019-11-17 11:49:39.990,8526.34,0.060044
2019-11-17 11:49:40.503,8525.56,0.021393
2019-11-17 11:49:40.595,8526.34,0.06009
2019-11-17 11:49:41.188,8526.34,0.060086
2019-11-17 11:49:41.790,8526.34,0.060094
2019-11-17 11:49:42.388,8526.32,0.060123
2019-11-17 11:49:42.985,8526.31,0.06
2019-11-17 11:49:43.055,8525.57,0.00138
2019-11-17 11:49:43.096,8525.87,0.257272
2019-11-17 11:49:43.581,8526.31,0.060091
2019-11-17 11:49:44.177,8526.31,0.060048
2019-11-17 11:49:44.773,8526.31,0.060013
2019-11-17 11:49:45.029,8526.31,0.03295
2019-11-17 11:49:45.363,8526.31,0.060072
2019-11-17 11:49:45.964,8526.31,0.060056
2019-11-17 11:49:46.561,8526.31,0.060048
2019-11-17 11:49:47.158,8526.31,0.060046
2019-11-17 11:49:47.746,8526.28,0.060156
2019-11-17 11:49:48.344,8526.28,0.060054
2019-11-17 11:49:48.397,8525.98,0.257751
2019-11-17 11:49:48.944,8526.28,0.060148
2019-11-17 11:49:49.259,8525.62,0.001346
2019-11-17 11:49:49.531,8526.21,0.022126
2019-11-17 11:49:49.531,8526.22,0.038028
2019-11-17 11:49:49.764,8526.19,0.009341
2019-11-17 11:49:50.130,8526.19,0.015378
2019-11-17 11:49:50.130,8526.2,0.044658
2019-11-17 11:49:50.722,8526.2,0.060095
2019-11-17 11:49:51.309,8526.28,0.060024
2019-11-17 11:49:51.872,8525.81,0.001541
2019-11-17 11:49:51.904,8526.28,0.060055
2019-11-17 11:49:52.500,8526.28,0.060081
2019-11-17 11:49:53.101,8526.28,0.060163
2019-11-17 11:49:53.690,8526.26,0.060125
2019-11-17 11:49:54.112,8526.16,0.029123
2019-11-17 11:49:54.115,8526.26,0.003149
2019-11-17 11:49:54.290,8526.28,0.060173
2019-11-17 11:49:54.490,8526.28,0.034548
2019-11-17 11:49:54.880,8526.28,0.060147
2019-11-17 11:49:55.342,8526.05,0.047638
2019-11-17 11:49:55.475,8526.28,0.060111
2019-11-17 11:49:56.069,8526.28,0.060026
2019-11-17 11:49:56.669,8526.28,0.060132
2019-11-17 11:49:57.254,8526.26,0.060104
2019-11-17 11:49:57.481,8526.26,0.001367
2019-11-17 11:49:57.644,8526.26,0.066466
2019-11-17 11:49:57.851,8526.26,7e-06
2019-11-17 11:49:57.851,8526.28,0.060054
2019-11-17 11:49:57.931,8526.28,0.02161
2019-11-17 11:49:58.069,8526.28,0.052155
2019-11-17 11:49:58.436,8526.28,4e-06
2019-11-17 11:49:58.436,8527.68,0.060124
2019-11-17 11:49:58.771,8527.68,0.004499
2019-11-17 11:50:00.208,8526.73,0.004586
2019-11-17 11:50:00.343,8527.67,0.004586
2019-11-17 11:50:00.343,8527.68,0.095414
2019-11-17 11:50:00.699,8527.69,0.005967
2019-11-17 11:50:01.114,8527.68,0.04576
2019-11-17 11:50:01.245,8527.68,0.272221
2019-11-17 11:50:01.857,8527.66,0.060165
2019-11-17 11:50:02.169,8527.31,0.081831
2019-11-17 11:50:02.482,8527.66,0.060103
2019-11-17 11:50:03.096,8527.14,0.060151
2019-11-17 11:50:03.196,8527.14,0.051445
2019-11-17 11:50:03.407,8527.14,0.049328
2019-11-17 11:50:03.514,8527.14,0.010514
2019-11-17 11:50:03.647,8527.0,0.086098
2019-11-17 11:50:03.662,8527.14,0.035673
2019-11-17 11:50:03.687,8527.14,0.001387
2019-11-17 11:50:03.704,8527.14,0.060134
2019-11-17 11:50:04.150,8527.0,0.075293
2019-11-17 11:50:04.305,8527.13,0.060109
2019-11-17 11:50:04.919,8527.13,0.060102
2019-11-17 11:50:05.533,8527.13,0.060115
2019-11-17 11:50:06.149,8527.14,0.060037
2019-11-17 11:50:06.416,8527.14,0.011631
2019-11-17 11:50:06.752,8527.14,0.060042
2019-11-17 11:50:06.829,8527.07,0.239117
2019-11-17 11:50:06.832,8527.01,0.079636
2019-11-17 11:50:07.370,8527.13,0.012654
2019-11-17 11:50:07.370,8527.13,0.047366
2019-11-17 11:50:07.435,8527.0,0.00198
2019-11-17 11:50:07.550,8527.0,0.086089
2019-11-17 11:50:07.768,8526.99,0.00198
2019-11-17 11:50:07.847,8526.99,0.021458
2019-11-17 11:50:07.978,8527.12,0.008564
2019-11-17 11:50:07.978,8527.12,0.023438
2019-11-17 11:50:07.978,8527.13,0.028001
2019-11-17 11:50:07.988,8527.13,0.028205
2019-11-17 11:50:08.362,8527.12,0.005246
2019-11-17 11:50:08.362,8527.13,0.096344
2019-11-17 11:50:08.587,8527.13,0.060046
2019-11-17 11:50:09.186,8527.13,0.060017
2019-11-17 11:50:09.509,8526.2,0.018379
2019-11-17 11:50:09.800,8527.09,0.018379
2019-11-17 11:50:09.800,8527.1,0.041704
2019-11-17 11:50:09.819,8527.1,0.007558
2019-11-17 11:50:10.142,8526.82,0.070798
2019-11-17 11:50:10.150,8526.82,0.03748
2019-11-17 11:50:10.410,8527.11,0.060126
2019-11-17 11:50:11.017,8527.1,0.06008
2019-11-17 11:50:11.623,8527.1,0.060038
2019-11-17 11:50:11.901,8527.1,0.001301
2019-11-17 11:50:12.036,8526.84,0.006801
2019-11-17 11:50:12.229,8527.1,0.060123
2019-11-17 11:50:12.838,8527.1,0.060097
2019-11-17 11:50:13.366,8526.86,0.031467
2019-11-17 11:50:13.367,8527.02,0.128864
2019-11-17 11:50:13.445,8527.1,0.060128
2019-11-17 11:50:14.053,8527.1,0.060002
2019-11-17 11:50:14.660,8527.1,0.06004
2019-11-17 11:50:15.278,8527.1,0.060146
2019-11-17 11:50:15.887,8527.1,0.060094
2019-11-17 11:50:16.492,8527.09,0.060103
2019-11-17 11:50:16.972,8526.52,0.023454
2019-11-17 11:50:17.101,8527.06,0.060083
2019-11-17 11:50:17.134,8526.53,0.023454
2019-11-17 11:50:17.341,8525.61,0.01161
2019-11-17 11:50:17.667,8525.66,0.004668
2019-11-17 11:50:17.696,8525.66,0.060127
2019-11-17 11:50:17.780,8525.66,0.031439
2019-11-17 11:50:17.982,8525.61,0.009989
2019-11-17 11:50:18.285,8525.66,0.060014
2019-11-17 11:50:18.441,8525.61,0.001855
2019-11-17 11:50:18.441,8525.54,0.009756
2019-11-17 11:50:18.594,8525.54,0.05
2019-11-17 11:50:18.878,8525.63,0.060123
2019-11-17 11:50:19.426,8525.59,0.049842
2019-11-17 11:50:19.480,8525.63,0.060054
2019-11-17 11:50:20.074,8525.63,0.060147
2019-11-17 11:50:20.114,8525.63,0.001391
2019-11-17 11:50:20.669,8525.64,0.055978
2019-11-17 11:50:20.669,8527.01,0.004166
2019-11-17 11:50:21.338,8525.93,0.011611
2019-11-17 11:50:22.112,8527.0,0.141732
2019-11-17 11:50:22.724,8527.0,0.060086
2019-11-17 11:50:23.195,8526.48,0.127601
2019-11-17 11:50:23.197,8525.95,0.017247
2019-11-17 11:50:23.338,8527.0,1.305734
2019-11-17 11:50:23.347,8527.0,0.06012
2019-11-17 11:50:23.961,8527.0,0.060077
2019-11-17 11:50:24.567,8527.0,0.06
2019-11-17 11:50:25.190,8527.0,0.060129
2019-11-17 11:50:25.803,8527.0,0.060153
2019-11-17 11:50:26.409,8527.0,0.060077
2019-11-17 11:50:26.467,8527.0,0.016562
2019-11-17 11:50:26.953,8526.12,0.011611
2019-11-17 11:50:27.025,8526.99,0.060004
2019-11-17 11:50:27.641,8526.99,0.060048
2019-11-17 11:50:27.906,8526.99,0.007559
2019-11-17 11:50:28.257,8526.99,0.002755
2019-11-17 11:50:28.257,8527.0,0.045466
2019-11-17 11:50:28.257,8527.08,0.011847
2019-11-17 11:50:28.340,8527.08,0.001351
2019-11-17 11:50:28.873,8527.08,0.060088
2019-11-17 11:50:29.349,8526.41,0.095992
2019-11-17 11:50:29.354,8526.61,0.039208
2019-11-17 11:50:29.481,8527.08,0.060126
2019-11-17 11:50:29.818,8526.41,0.011611
2019-11-17 11:50:30.095,8527.07,0.060005
2019-11-17 11:50:30.711,8527.07,0.060146
2019-11-17 11:50:31.028,8526.41,0.005231
2019-11-17 11:50:31.333,8527.0,0.024691
2019-11-17 11:50:31.333,8527.02,0.035432
2019-11-17 11:50:31.940,8526.92,0.06006
2019-11-17 11:50:32.782,8525.96,0.013
2019-11-17 11:50:32.782,8526.87,0.015161
2019-11-17 11:50:32.782,8526.88,0.055887
2019-11-17 11:50:33.745,8525.66,0.011611
2019-11-17 11:50:34.128,8526.33,0.10761
2019-11-17 11:50:34.542,8525.7,0.017565
2019-11-17 11:50:34.544,8526.88,0.001394
2019-11-17 11:50:37.339,8526.88,0.4
2019-11-17 11:50:37.954,8526.88,0.060054
2019-11-17 11:50:38.572,8526.88,0.060052
2019-11-17 11:50:39.188,8526.88,0.060125
2019-11-17 11:50:39.809,8526.88,0.060144
2019-11-17 11:50:40.419,8526.88,0.060107
2019-11-17 11:50:40.634,8526.17,0.131459
2019-11-17 11:50:40.748,8526.88,0.001368
2019-11-17 11:50:41.036,8526.88,0.060124
2019-11-17 11:50:41.469,8525.74,0.023455
2019-11-17 11:50:41.469,8525.74,0.0239
2019-11-17 11:50:41.658,8526.82,0.037499
2019-11-17 11:50:41.658,8526.83,0.022648
2019-11-17 11:50:42.264,8526.81,0.023032
2019-11-17 11:50:42.264,8526.81,0.037072
2019-11-17 11:50:42.880,8526.79,0.06018
2019-11-17 11:50:43.465,8525.8,0.011611
2019-11-17 11:50:43.501,8526.79,0.060278
2019-11-17 11:50:44.109,8526.78,0.012418
2019-11-17 11:50:44.109,8526.79,0.047733
2019-11-17 11:50:44.732,8526.79,0.060147
2019-11-17 11:50:45.344,8526.79,0.060118
2019-11-17 11:50:45.951,8526.79,0.060049
2019-11-17 11:50:46.564,8526.79,0.060055
2019-11-17 11:50:46.928,8525.92,0.011837
2019-11-17 11:50:46.958,8526.77,0.001354
2019-11-17 11:50:46.973,8526.34,0.035334
2019-11-17 11:50:47.184,8526.77,0.010483
2019-11-17 11:50:47.184,8527.08,0.049539
2019-11-17 11:50:49.188,8527.05,0.005863
2019-11-17 11:50:53.178,8527.04,0.001319
2019-11-17 11:50:56.369,8527.05,0.011844
2019-11-17 11:50:59.385,8527.08,0.001386
2019-11-17 11:51:00.855,8527.08,0.005301
2019-11-17 11:51:01.099,8527.07,0.066272
2019-11-17 11:51:01.217,8527.04,0.013343
2019-11-17 11:51:01.303,8527.08,0.033103
2019-11-17 11:51:01.408,8527.08,0.05278
2019-11-17 11:51:01.535,8527.08,0.01053
2019-11-17 11:51:01.781,8527.08,0.145863
2019-11-17 11:51:01.781,8527.76,0.254137
2019-11-17 11:51:02.240,8527.08,0.001685
2019-11-17 11:51:05.397,8527.21,0.01554
2019-11-17 11:51:05.600,8527.76,0.001392
2019-11-17 11:51:05.618,8527.24,0.011611
2019-11-17 11:51:05.642,8527.55,0.144003
2019-11-17 11:51:05.979,8527.33,0.023452
2019-11-17 11:51:05.979,8527.33,0.145591
2019-11-17 11:51:05.979,8527.32,0.251348
2019-11-17 11:51:06.062,8527.11,0.023452
2019-11-17 11:51:06.062,8527.1,0.062238
2019-11-17 11:51:06.122,8527.04,7e-06
2019-11-17 11:51:07.656,8526.99,0.002258
2019-11-17 11:51:07.656,8525.92,0.009353
2019-11-17 11:51:08.397,8527.13,0.118131
2019-11-17 11:51:08.397,8527.16,0.281869
2019-11-17 11:51:09.016,8526.95,0.060076
2019-11-17 11:51:09.498,8526.33,0.30436
2019-11-17 11:51:09.503,8526.95,0.002295
2019-11-17 11:51:09.621,8526.84,0.048495
2019-11-17 11:51:09.621,8526.97,0.011546
2019-11-17 11:51:10.235,8527.01,0.060101
2019-11-17 11:51:10.846,8527.08,0.060059
2019-11-17 11:51:11.470,8527.08,0.044456
2019-11-17 11:51:11.470,8527.65,0.015645
2019-11-17 11:51:11.810,8527.65,0.001301
2019-11-17 11:51:14.751,8526.96,0.011611
2019-11-17 11:51:15.150,8526.8,0.157475
2019-11-17 11:51:16.576,8527.12,0.327226
2019-11-17 11:51:16.711,8526.45,0.129341
2019-11-17 11:51:17.191,8527.04,0.023452
2019-11-17 11:51:17.191,8527.04,0.036639
2019-11-17 11:51:17.806,8527.03,0.032805
2019-11-17 11:51:17.806,8527.08,0.027319
2019-11-17 11:51:19.475,8526.91,0.014237
2019-11-17 11:51:19.479,8527.1,0.029127
2019-11-17 11:51:19.479,8527.11,0.133812
2019-11-17 11:51:20.015,8527.08,0.001393
2019-11-17 11:51:20.099,8527.08,0.016508
2019-11-17 11:51:20.099,8527.09,0.043549
2019-11-17 11:51:20.370,8526.62,0.002528
2019-11-17 11:51:20.717,8527.08,0.002528
2019-11-17 11:51:20.717,8527.08,0.010995
2019-11-17 11:51:20.717,8527.09,0.046564
2019-11-17 11:51:21.329,8527.09,0.060162
2019-11-17 11:51:21.947,8527.07,0.060105
2019-11-17 11:51:22.003,8526.4,0.265777
2019-11-17 11:51:22.003,8526.36,0.023454
2019-11-17 11:51:22.003,8526.36,0.210769
2019-11-17 11:51:22.284,8526.75,0.113174
2019-11-17 11:51:22.565,8527.06,0.023454
2019-11-17 11:51:22.565,8527.07,0.036687
2019-11-17 11:51:23.187,8527.07,0.022928
2019-11-17 11:51:23.187,8527.76,0.037225
2019-11-17 11:51:23.769,8527.06,0.006839
2019-11-17 11:51:23.939,8527.1,0.023452
2019-11-17 11:51:23.939,8527.09,0.093891
2019-11-17 11:51:24.031,8527.1,0.002679
2019-11-17 11:51:24.541,8527.1,0.020773
2019-11-17 11:51:24.541,8527.07,0.443698
2019-11-17 11:51:24.753,8527.11,0.032834
2019-11-17 11:51:24.769,8527.07,0.439215
2019-11-17 11:51:24.788,8527.12,0.032834
2019-11-17 11:51:24.788,8527.07,0.741224
2019-11-17 11:51:24.815,8527.07,1.018884
2019-11-17 11:51:24.828,8527.07,0.277659
2019-11-17 11:51:24.838,8526.94,0.154386
2019-11-17 11:51:25.430,8526.18,0.011611
2019-11-17 11:51:25.450,8526.18,0.047389
2019-11-17 11:51:25.617,8526.19,0.011611
2019-11-17 11:51:25.694,8527.18,0.163649
2019-11-17 11:51:25.694,8527.21,0.023452
2019-11-17 11:51:25.694,8527.21,0.05642
2019-11-17 11:51:25.877,8526.19,0.011611
2019-11-17 11:51:25.914,8526.19,0.018995
2019-11-17 11:51:26.233,8525.55,0.00135
2019-11-17 11:51:26.244,8525.55,0.011611
2019-11-17 11:51:26.297,8526.81,0.060092
2019-11-17 11:51:26.909,8526.6,0.060119
2019-11-17 11:51:27.050,8525.56,0.051602
2019-11-17 11:51:27.050,8525.55,0.152656
2019-11-17 11:51:27.050,8525.54,0.048597
2019-11-17 11:51:27.050,8525.53,0.015102
2019-11-17 11:51:27.050,8525.0,0.120778
2019-11-17 11:51:27.050,8524.82,0.005881
2019-11-17 11:51:27.050,8524.8,0.226384
2019-11-17 11:51:27.075,8524.8,0.011612
2019-11-17 11:51:27.318,8525.02,0.014188
2019-11-17 11:51:27.478,8525.02,0.135078
2019-11-17 11:51:27.478,8524.8,3.854596
2019-11-17 11:51:27.504,8526.36,0.060051
2019-11-17 11:51:27.541,8525.03,0.011613
2019-11-17 11:51:27.629,8525.03,0.049374
2019-11-17 11:51:27.629,8525.03,0.020174
2019-11-17 11:51:27.630,8526.31,0.00696
2019-11-17 11:51:27.722,8525.03,0.011613
2019-11-17 11:51:27.922,8525.03,0.059917
2019-11-17 11:51:27.929,8524.8,0.222674
2019-11-17 11:51:27.943,8524.8,0.35159
2019-11-17 11:51:27.959,8525.01,0.023472
2019-11-17 11:51:27.969,8525.01,0.035555
2019-11-17 11:51:27.969,8524.8,0.014025
2019-11-17 11:51:28.030,8524.91,0.011613
2019-11-17 11:51:28.056,8524.91,0.024613
2019-11-17 11:51:28.118,8526.14,0.060055
2019-11-17 11:51:28.723,8525.89,0.060145
2019-11-17 11:51:28.846,8524.82,0.011614
2019-11-17 11:51:29.008,8524.82,0.04937
2019-11-17 11:51:29.111,8524.83,0.054094
2019-11-17 11:51:29.218,8524.83,0.054299
2019-11-17 11:51:29.310,8524.83,0.060103
2019-11-17 11:51:29.324,8524.83,0.050886
2019-11-17 11:51:29.347,8524.82,5e-06
2019-11-17 11:51:29.347,8524.8,0.232299
2019-11-17 11:51:29.449,8524.83,0.01619
2019-11-17 11:51:29.467,8524.8,0.048557
2019-11-17 11:51:29.916,8525.5,0.060039
2019-11-17 11:51:30.052,8524.8,0.00785
2019-11-17 11:51:30.382,8524.8,0.464652
2019-11-17 11:51:30.518,8525.44,0.040676
2019-11-17 11:51:30.518,8525.45,0.01944
2019-11-17 11:51:30.677,8524.81,0.00466
2019-11-17 11:51:31.122,8525.44,0.060036
2019-11-17 11:51:31.719,8525.41,0.060097
2019-11-17 11:51:32.327,8525.41,0.060156
2019-11-17 11:51:32.655,8524.81,0.00134
2019-11-17 11:51:32.932,8525.41,0.060118
2019-11-17 11:51:33.407,8524.81,0.00246
2019-11-17 11:51:33.541,8525.77,0.060009
2019-11-17 11:51:34.143,8525.78,0.060035
2019-11-17 11:51:34.244,8525.78,0.027242
2019-11-17 11:51:34.248,8525.23,0.097174
2019-11-17 11:51:34.465,8524.98,0.011616
2019-11-17 11:51:34.559,8525.01,0.081095
2019-11-17 11:51:34.559,8524.99,2.0
2019-11-17 11:51:34.559,8524.95,0.242012
2019-11-17 11:51:34.757,8525.96,0.060141
2019-11-17 11:51:35.377,8525.86,0.060045
2019-11-17 11:51:35.542,8525.02,2.0
2019-11-17 11:51:35.542,8525.02,0.323282
2019-11-17 11:51:35.621,8525.02,0.105628
2019-11-17 11:51:35.987,8525.8,0.060007
2019-11-17 11:51:36.586,8525.74,0.060015
2019-11-17 11:51:37.203,8525.74,0.060083
2019-11-17 11:51:37.806,8525.74,0.050365
2019-11-17 11:51:37.806,8525.74,0.00977
2019-11-17 11:51:39.298,8526.11,0.145359
2019-11-17 11:51:39.642,8525.21,0.009844
2019-11-17 11:51:39.704,8525.21,0.464656
2019-11-17 11:51:39.747,8525.2,0.011616
2019-11-17 11:51:39.920,8526.08,0.060111
2019-11-17 11:51:40.383,8525.81,0.006092
2019-11-17 11:51:40.524,8525.81,0.060133
2019-11-17 11:51:40.866,8525.81,0.001306
2019-11-17 11:51:41.136,8525.81,0.060129
2019-11-17 11:51:41.521,8525.81,0.835965
2019-11-17 11:51:41.589,8525.01,0.011616
2019-11-17 11:51:41.605,8525.01,0.011616
2019-11-17 11:51:41.733,8525.2,0.0601
2019-11-17 11:51:41.878,8525.01,0.009546
2019-11-17 11:51:42.336,8525.2,0.060133
2019-11-17 11:51:42.493,8525.2,0.051969
2019-11-17 11:51:42.600,8525.2,0.051612
2019-11-17 11:51:42.713,8525.2,0.029568
2019-11-17 11:51:42.928,8525.2,0.060074
2019-11-17 11:51:43.532,8525.18,0.06015
2019-11-17 11:51:44.125,8525.18,0.06001
2019-11-17 11:51:44.715,8525.18,0.00041
2019-11-17 11:51:44.715,8525.2,0.059624
2019-11-17 11:51:44.961,8525.01,0.185863
2019-11-17 11:51:45.321,8525.2,0.060098
2019-11-17 11:51:45.914,8525.2,0.060069
2019-11-17 11:51:46.504,8525.2,0.05197
2019-11-17 11:51:46.504,8526.58,0.008093
2019-11-17 11:51:46.561,8525.01,0.001449
2019-11-17 11:51:48.019,8526.17,0.111419
2019-11-17 11:51:48.019,8526.18,0.022863
2019-11-17 11:51:48.636,8526.08,0.06005
2019-11-17 11:51:49.092,8526.02,0.001415
2019-11-17 11:51:49.256,8526.01,0.060119
2019-11-17 11:51:49.864,8526.01,0.060102
2019-11-17 11:51:50.413,8525.74,0.113518
2019-11-17 11:51:50.680,8526.31,0.023457
2019-11-17 11:51:50.849,8526.56,0.00893
2019-11-17 11:51:50.849,8527.59,0.065856
2019-11-17 11:51:50.849,8527.7,0.02091
2019-11-17 11:51:51.107,8527.75,0.040393
2019-11-17 11:51:51.107,8527.78,0.014572
2019-11-17 11:51:51.377,8527.97,0.024806
2019-11-17 11:51:51.377,8528.0,0.030882
2019-11-17 11:51:51.476,8527.99,0.015239
2019-11-17 11:51:51.603,8526.09,0.023452
2019-11-17 11:51:51.603,8526.09,0.028368
2019-11-17 11:51:52.972,8527.99,0.023452
2019-11-17 11:51:52.972,8528.0,0.107331
2019-11-17 11:51:52.972,8529.34,0.046896
2019-11-17 11:51:52.972,8529.88,0.029219
2019-11-17 11:51:53.520,8527.85,0.032825
2019-11-17 11:51:53.612,8527.86,0.142835
2019-11-17 11:51:53.694,8528.53,0.147067
2019-11-17 11:51:54.336,8528.35,0.0304
2019-11-17 11:51:54.760,8528.53,0.021763
2019-11-17 11:51:55.101,8528.76,0.022467
2019-11-17 11:51:55.404,8528.97,0.015894
2019-11-17 11:51:55.613,8529.08,0.015894
2019-11-17 11:51:55.670,8530.0,0.00214
2019-11-17 11:51:55.825,8530.02,0.002332
2019-11-17 11:51:57.501,8530.21,0.001394
2019-11-17 11:51:58.047,8530.21,0.014525
2019-11-17 11:51:58.166,8530.2,0.002623
2019-11-17 11:51:58.578,8530.21,0.0033
2019-11-17 11:51:58.763,8530.21,0.01686
2019-11-17 11:51:58.985,8530.2,0.193294
2019-11-17 11:51:58.985,8530.2,1.015079
2019-11-17 11:51:59.935,8530.21,0.028541
2019-11-17 11:52:00.678,8530.21,1e-06
2019-11-17 11:52:00.678,8530.21,0.088621
2019-11-17 11:52:00.908,8530.2,0.006165
2019-11-17 11:52:03.364,8529.12,0.011607
2019-11-17 11:52:03.386,8530.04,0.022827
2019-11-17 11:52:03.725,8529.87,0.001395
2019-11-17 11:52:06.449,8528.46,0.024
2019-11-17 11:52:06.932,8528.46,0.019931
2019-11-17 11:52:09.924,8529.92,0.001306
2019-11-17 11:52:10.024,8529.41,0.036617
2019-11-17 11:52:10.134,8528.99,0.011608
2019-11-17 11:52:11.873,8529.0,0.017542
2019-11-17 11:52:12.640,8529.13,0.430529
2019-11-17 11:52:16.123,8529.91,0.001374
2019-11-17 11:52:16.360,8529.9,0.011736
2019-11-17 11:52:19.274,8529.9,0.039848
2019-11-17 11:52:19.585,8529.91,0.016162
2019-11-17 11:52:21.406,8529.91,6e-06
2019-11-17 11:52:22.086,8530.08,0.002296
2019-11-17 11:52:23.575,8530.24,0.002344
2019-11-17 11:52:23.930,8530.56,0.10709
2019-11-17 11:52:24.342,8531.12,0.001373
2019-11-17 11:52:28.711,8531.1,0.023434
2019-11-17 11:52:28.817,8531.12,0.055153
2019-11-17 11:52:28.922,8531.14,0.023434
2019-11-17 11:52:29.027,8531.16,0.017904
2019-11-17 11:52:30.068,8531.34,0.003391
2019-11-17 11:52:30.548,8531.83,0.001307
2019-11-17 11:52:31.339,8531.83,0.050914
2019-11-17 11:52:32.049,8531.83,0.01001
2019-11-17 11:52:34.461,8531.55,0.003506
2019-11-17 11:52:36.665,8531.69,0.002343
2019-11-17 11:52:38.440,8531.83,0.390712
2019-11-17 11:52:38.533,8532.1,0.4
2019-11-17 11:52:38.758,8532.11,0.001351
2019-11-17 11:52:39.272,8531.87,0.002345
2019-11-17 11:52:39.686,8531.95,0.05
2019-11-17 11:52:39.793,8531.96,0.05
2019-11-17 11:52:40.010,8531.96,0.008629
2019-11-17 11:52:40.174,8532.11,0.011837
2019-11-17 11:52:42.981,8531.96,0.039849
2019-11-17 11:52:44.749,8532.37,0.336556
2019-11-17 11:52:44.974,8532.87,0.001342
2019-11-17 11:52:45.685,8532.38,0.023437
2019-11-17 11:52:46.341,8532.13,0.003362
2019-11-17 11:52:48.213,8532.16,0.030717
2019-11-17 11:52:48.213,8532.14,0.002162
2019-11-17 11:52:48.452,8532.34,0.349973
2019-11-17 11:52:48.634,8532.11,0.395907
2019-11-17 11:52:48.789,8532.11,0.161745
2019-11-17 11:52:49.043,8531.43,0.006258
2019-11-17 11:52:49.957,8531.92,0.04986
2019-11-17 11:52:50.294,8531.44,0.103471
2019-11-17 11:52:50.294,8531.43,0.396529
2019-11-17 11:52:50.486,8531.48,0.063541
2019-11-17 11:52:50.486,8531.47,0.354362
2019-11-17 11:52:50.486,8531.47,0.696505
2019-11-17 11:52:50.743,8532.84,0.002459
2019-11-17 11:52:51.186,8532.69,0.001414
2019-11-17 11:52:52.096,8532.66,0.001569
2019-11-17 11:52:52.147,8532.69,0.032315
2019-11-17 11:52:52.147,8532.84,0.020978
2019-11-17 11:52:52.147,8533.46,0.346707
2019-11-17 11:52:52.207,8533.45,0.003989
2019-11-17 11:52:52.217,8532.68,0.048632
2019-11-17 11:52:52.275,8532.68,1.007021
2019-11-17 11:52:52.313,8532.68,0.015835
2019-11-17 11:52:54.368,8533.45,0.05
2019-11-17 11:52:54.462,8533.45,0.0539
2019-11-17 11:52:54.484,8533.45,0.0015
2019-11-17 11:52:54.753,8533.46,0.1
2019-11-17 11:52:54.811,8533.46,0.005304
2019-11-17 11:52:54.929,8533.46,0.037579
2019-11-17 11:52:55.464,8533.46,0.005854
2019-11-17 11:52:55.903,8533.46,0.02869
2019-11-17 11:52:56.094,8533.45,0.00274
2019-11-17 11:52:57.396,8533.46,0.001337
2019-11-17 11:52:57.879,8533.45,0.002343
2019-11-17 11:52:58.139,8533.46,0.015476
2019-11-17 11:52:58.771,8533.46,0.4
2019-11-17 11:52:59.062,8533.45,0.033971
2019-11-17 11:52:59.382,8533.46,0.058053
2019-11-17 11:52:59.382,8534.75,0.002048
2019-11-17 11:53:01.230,8534.7,0.001304
2019-11-17 11:53:02.762,8533.92,0.27609
2019-11-17 11:53:03.737,8533.62,0.011837
2019-11-17 11:53:05.485,8534.71,0.231595
2019-11-17 11:53:05.485,8534.72,0.254188
2019-11-17 11:53:05.492,8534.72,0.001302
2019-11-17 11:53:05.624,8534.71,0.001301
2019-11-17 11:53:06.153,8534.71,0.03515
2019-11-17 11:53:08.039,8534.21,0.154445
2019-11-17 11:53:08.130,8533.93,0.005284
2019-11-17 11:53:09.213,8534.71,0.001302
2019-11-17 11:53:09.891,8533.94,0.005235
2019-11-17 11:53:10.595,8533.96,0.185637
2019-11-17 11:53:10.777,8533.96,1.814363
2019-11-17 11:53:10.777,8533.96,0.023433
2019-11-17 11:53:10.777,8533.95,0.124449
2019-11-17 11:53:10.777,8533.93,0.37959
2019-11-17 11:53:11.803,8534.12,0.042181
2019-11-17 11:53:11.803,8534.11,0.043906
2019-11-17 11:53:11.824,8534.64,0.001321
2019-11-17 11:53:11.874,8533.9,0.069256
2019-11-17 11:53:12.008,8534.14,0.042161
2019-11-17 11:53:12.112,8534.16,0.006801
2019-11-17 11:53:12.224,8534.16,0.03536
2019-11-17 11:53:13.192,8533.81,0.011604
2019-11-17 11:53:13.477,8533.81,0.076608
2019-11-17 11:53:13.606,8533.81,0.011604
2019-11-17 11:53:13.620,8533.81,0.011604
2019-11-17 11:53:13.643,8533.81,0.011604
2019-11-17 11:53:13.679,8534.42,0.001302
2019-11-17 11:53:14.037,8533.83,0.011601
2019-11-17 11:53:14.104,8533.83,0.024004
2019-11-17 11:53:14.104,8533.81,0.016743
2019-11-17 11:53:14.291,8533.29,0.060166
2019-11-17 11:53:14.311,8534.24,0.152022
2019-11-17 11:53:14.311,8534.27,0.005235
2019-11-17 11:53:14.311,8534.27,0.242743
2019-11-17 11:53:14.337,8532.74,0.002295
2019-11-17 11:53:14.927,8534.07,0.060006
2019-11-17 11:53:15.057,8534.04,0.099871
2019-11-17 11:53:15.275,8532.9,0.19993
2019-11-17 11:53:15.275,8532.89,0.028633
2019-11-17 11:53:15.544,8534.04,1.2e-05
2019-11-17 11:53:15.544,8534.05,0.060096
2019-11-17 11:53:15.700,8534.04,0.002337
2019-11-17 11:53:16.158,8533.99,0.060153
2019-11-17 11:53:16.770,8533.97,0.06001
2019-11-17 11:53:17.359,8534.37,0.001302
2019-11-17 11:53:17.934,8534.11,0.122451
2019-11-17 11:53:17.953,8534.41,0.115535
2019-11-17 11:53:18.029,8534.41,0.001297
2019-11-17 11:53:18.069,8534.41,0.011835
2019-11-17 11:53:18.732,8533.85,0.071712
2019-11-17 11:53:20.574,8534.36,0.6
2019-11-17 11:53:20.574,8534.37,1.743586
2019-11-17 11:53:20.631,8533.85,1.116882
2019-11-17 11:53:21.210,8534.37,0.001302
2019-11-17 11:53:23.992,8534.15,0.14243
2019-11-17 11:53:24.009,8534.29,0.4
2019-11-17 11:53:25.311,8534.27,0.001302
2019-11-17 11:53:25.564,8533.85,0.054613
2019-11-17 11:53:26.248,8534.25,0.001329
2019-11-17 11:53:27.061,8534.2,0.29709
2019-11-17 11:53:27.160,8534.08,0.095321
2019-11-17 11:53:27.679,8534.2,0.06012
2019-11-17 11:53:28.288,8534.2,0.060114
2019-11-17 11:53:28.336,8533.85,0.251272
2019-11-17 11:53:28.638,8534.2,0.014797
2019-11-17 11:53:29.164,8534.2,0.001302
2019-11-17 11:53:29.994,8534.19,0.130831
2019-11-17 11:53:29.994,8534.2,0.035078
2019-11-17 11:53:31.141,8533.85,0.079659
2019-11-17 11:53:31.759,8534.19,0.171977
2019-11-17 11:53:31.760,8533.85,0.319397
2019-11-17 11:53:31.782,8533.85,0.106465
2019-11-17 11:53:32.378,8534.16,0.060044
2019-11-17 11:53:32.851,8534.16,0.001302
2019-11-17 11:53:32.938,8534.02,0.079256
2019-11-17 11:53:32.994,8534.16,0.06001
2019-11-17 11:53:33.603,8534.17,0.060063
2019-11-17 11:53:33.865,8533.86,0.111435
2019-11-17 11:53:34.227,8534.16,0.060128
2019-11-17 11:53:34.465,8534.16,0.001306
2019-11-17 11:53:34.523,8533.86,0.067464
2019-11-17 11:53:34.706,8533.86,0.008417
2019-11-17 11:53:34.835,8534.14,0.060129
2019-11-17 11:53:35.459,8534.14,0.060072
2019-11-17 11:53:36.071,8533.86,0.509817
2019-11-17 11:53:36.074,8534.12,0.060118
2019-11-17 11:53:36.092,8533.86,0.114432
2019-11-17 11:53:36.098,8533.86,0.468219
2019-11-17 11:53:36.117,8533.86,0.028608
2019-11-17 11:53:36.126,8533.86,0.427629
2019-11-17 11:53:36.247,8533.81,0.397314
2019-11-17 11:53:36.572,8532.96,1.0
2019-11-17 11:53:36.688,8534.02,0.060134
2019-11-17 11:53:37.294,8534.02,0.060061
2019-11-17 11:53:37.882,8533.51,0.188713
2019-11-17 11:53:37.912,8533.92,0.060033
2019-11-17 11:53:38.516,8533.82,0.060112
2019-11-17 11:53:39.133,8533.74,0.060054
2019-11-17 11:53:39.517,8533.71,1.289424
2019-11-17 11:53:39.731,8533.71,0.060055
2019-11-17 11:53:40.096,8533.32,0.011602
2019-11-17 11:53:40.096,8533.32,0.004805
2019-11-17 11:53:40.226,8533.72,0.001302
2019-11-17 11:53:40.246,8533.32,0.203483
2019-11-17 11:53:40.344,8533.72,0.01999
2019-11-17 11:53:40.344,8533.73,0.04005
2019-11-17 11:53:40.401,8533.73,0.001304
2019-11-17 11:53:40.670,8533.73,0.001296
2019-11-17 11:53:40.734,8533.73,0.001304
2019-11-17 11:53:40.791,8533.32,0.937899
2019-11-17 11:53:40.912,8533.73,0.001304
2019-11-17 11:53:40.951,8533.73,0.060086
2019-11-17 11:53:41.423,8533.71,0.001304
2019-11-17 11:53:41.562,8533.71,0.056824
2019-11-17 11:53:41.562,8533.73,0.00335
2019-11-17 11:53:41.885,8533.54,0.125444
2019-11-17 11:53:41.910,8533.73,0.001304
2019-11-17 11:53:42.091,8533.73,0.001304
2019-11-17 11:53:42.166,8533.73,0.045448
2019-11-17 11:53:42.166,8534.13,0.015259
2019-11-17 11:53:42.418,8534.13,0.001304
2019-11-17 11:53:42.474,8533.35,0.023435
2019-11-17 11:53:42.474,8533.34,0.059985
2019-11-17 11:53:42.474,8533.34,0.91658
2019-11-17 11:53:42.789,8534.1,0.023435
2019-11-17 11:53:42.789,8534.11,0.036581
2019-11-17 11:53:43.397,8534.11,0.060034
2019-11-17 11:53:43.607,8533.5,0.011602
2019-11-17 11:53:43.659,8533.51,0.023435
2019-11-17 11:53:43.746,8533.33,0.023435
2019-11-17 11:53:44.054,8534.0,0.060132
2019-11-17 11:53:44.624,8533.88,0.06014
2019-11-17 11:53:45.229,8533.76,0.023435
2019-11-17 11:53:45.229,8533.77,0.036598
2019-11-17 11:53:45.840,8533.66,0.023435
2019-11-17 11:53:45.840,8533.67,0.036592
2019-11-17 11:53:46.056,8532.92,0.004661
2019-11-17 11:53:46.446,8533.65,0.060028
2019-11-17 11:53:47.048,8533.65,0.060118
2019-11-17 11:53:47.647,8532.92,0.011603
2019-11-17 11:53:47.651,8532.92,0.23209
2019-11-17 11:53:47.662,8533.65,0.060091
2019-11-17 11:53:47.833,8532.92,0.32828
2019-11-17 11:53:47.929,8532.92,0.281383
2019-11-17 11:53:48.203,8533.65,0.002827
2019-11-17 11:53:48.320,8532.92,0.03281
2019-11-17 11:53:48.320,8532.91,0.166105
2019-11-17 11:53:48.366,8532.77,0.053969
2019-11-17 11:53:48.388,8532.77,0.051508
2019-11-17 11:53:48.406,8532.7,0.023436
2019-11-17 11:53:48.406,8532.69,0.215876
2019-11-17 11:53:48.406,8532.65,0.064775
2019-11-17 11:53:48.456,8533.56,0.07819
2019-11-17 11:53:48.666,8531.54,0.116067
2019-11-17 11:53:48.878,8533.28,0.001351
2019-11-17 11:53:49.069,8533.2,0.060068
2019-11-17 11:53:49.675,8533.05,0.060089
2019-11-17 11:53:50.075,8532.7,0.083599
2019-11-17 11:53:50.281,8532.86,0.060168
2019-11-17 11:53:50.873,8532.86,0.060024
2019-11-17 11:53:51.473,8532.86,0.060097
2019-11-17 11:53:52.043,8531.97,0.116858
2019-11-17 11:53:52.043,8531.96,0.432171
2019-11-17 11:53:52.045,8531.96,0.116858
2019-11-17 11:53:52.084,8533.29,0.060075
2019-11-17 11:53:52.267,8531.97,0.071758
2019-11-17 11:53:52.267,8531.96,0.928242
2019-11-17 11:53:52.690,8533.07,0.060149
2019-11-17 11:53:53.298,8532.83,0.060078
2019-11-17 11:53:53.527,8532.79,0.174158
2019-11-17 11:53:53.527,8532.8,0.265122
2019-11-17 11:53:53.836,8532.74,0.04
2019-11-17 11:53:53.896,8532.72,0.060154
2019-11-17 11:53:53.938,8532.72,0.008
2019-11-17 11:53:54.270,8532.66,0.012138
2019-11-17 11:53:54.499,8532.66,0.060105
2019-11-17 11:53:55.108,8532.76,0.010573
2019-11-17 11:53:55.108,8532.9,0.04957
2019-11-17 11:53:55.726,8532.9,0.018793
2019-11-17 11:53:55.726,8532.91,0.041348
2019-11-17 11:53:56.339,8532.91,0.060042
2019-11-17 11:53:56.488,8532.06,0.230554
2019-11-17 11:53:56.488,8532.04,0.769446
2019-11-17 11:53:56.945,8532.91,0.011424
2019-11-17 11:53:56.945,8533.23,0.041975
2019-11-17 11:53:56.945,8533.32,0.006684
2019-11-17 11:53:57.086,8533.29,0.001404
2019-11-17 11:53:58.113,8531.63,0.011604
2019-11-17 11:53:58.264,8533.11,0.12851
2019-11-17 11:53:58.875,8532.86,0.060109
2019-11-17 11:53:59.485,8532.79,0.060049
2019-11-17 11:53:59.620,8531.75,0.164536
2019-11-17 11:53:59.620,8531.74,0.835464
2019-11-17 11:54:00.097,8532.53,0.060212
2019-11-17 11:54:00.697,8532.25,0.060033
2019-11-17 11:54:01.285,8532.1,0.060132
2019-11-17 11:54:01.880,8531.96,0.060032
2019-11-17 11:54:02.067,8531.42,0.002529
2019-11-17 11:54:02.192,8531.55,0.244029
2019-11-17 11:54:02.456,8531.87,0.060111
2019-11-17 11:54:03.041,8531.87,0.006632
2019-11-17 11:54:03.041,8531.87,0.040979
2019-11-17 11:54:03.041,8531.87,0.012425
2019-11-17 11:54:03.327,8531.87,0.001333
2019-11-17 11:54:03.658,8531.87,0.042488
2019-11-17 11:54:03.658,8531.98,0.017519
2019-11-17 11:54:04.262,8531.95,0.032515
2019-11-17 11:54:04.262,8531.97,0.002529
2019-11-17 11:54:04.262,8532.36,0.02501
2019-11-17 11:54:05.682,8532.1,0.137674
2019-11-17 11:54:05.722,8531.77,0.149757
2019-11-17 11:54:06.291,8532.05,0.034259
2019-11-17 11:54:06.291,8532.07,0.025868
2019-11-17 11:54:06.911,8532.06,0.021026
2019-11-17 11:54:06.911,8532.07,0.039095
2019-11-17 11:54:08.802,8532.36,0.002754
2019-11-17 11:54:09.515,8532.36,0.001372
2019-11-17 11:54:12.457,8532.34,0.026834
2019-11-17 11:54:12.900,8532.33,0.001851
2019-11-17 11:54:13.004,8532.33,0.003401
2019-11-17 11:54:13.101,8532.33,0.031471
2019-11-17 11:54:13.847,8532.09,0.172608
2019-11-17 11:54:13.847,8532.09,0.001006
2019-11-17 11:54:14.917,8532.09,0.002297
2019-11-17 11:54:15.125,8532.36,0.064575
2019-11-17 11:54:15.229,8532.36,0.054633
2019-11-17 11:54:15.446,8532.36,0.086104
2019-11-17 11:54:15.542,8532.36,0.086104
2019-11-17 11:54:15.654,8532.36,0.086104
2019-11-17 11:54:15.674,8532.07,0.016401
2019-11-17 11:54:15.726,8532.36,0.001322
2019-11-17 11:54:15.772,8532.36,0.086104
2019-11-17 11:54:15.879,8532.36,0.086104
2019-11-17 11:54:16.076,8532.36,0.085975
2019-11-17 11:54:16.192,8532.41,0.086104
2019-11-17 11:54:16.294,8532.41,0.0861
2019-11-17 11:54:16.400,8532.41,0.0861
2019-11-17 11:54:16.498,8532.41,0.030309
2019-11-17 11:54:16.503,8532.1,0.116085
2019-11-17 11:54:16.524,8532.1,0.464339
2019-11-17 11:54:18.199,8532.1,0.006057
2019-11-17 11:54:18.285,8532.41,0.001494
2019-11-17 11:54:19.354,8532.41,0.003831
2019-11-17 11:54:22.006,8532.13,0.060114
2019-11-17 11:54:22.117,8532.13,0.062294
2019-11-17 11:54:22.333,8532.41,0.055795
2019-11-17 11:54:22.438,8532.41,0.086104
2019-11-17 11:54:22.551,8532.41,0.060746
2019-11-17 11:54:22.659,8532.41,0.025358
2019-11-17 11:54:23.028,8532.29,0.08443
2019-11-17 11:54:23.354,8532.13,0.011605
2019-11-17 11:54:23.924,8532.41,0.001395
2019-11-17 11:54:25.046,8532.13,0.160333
2019-11-17 11:54:27.118,8532.29,0.214527
2019-11-17 11:54:28.181,8532.41,0.034549
2019-11-17 11:54:29.018,8532.41,0.00598
2019-11-17 11:54:30.679,8532.16,0.005362
2019-11-17 11:54:30.789,8532.16,0.031403
2019-11-17 11:54:32.150,8532.41,0.001298
2019-11-17 11:54:33.640,8532.31,0.190155
2019-11-17 11:54:38.189,8532.34,0.124936
2019-11-17 11:54:38.354,8532.41,0.001408
2019-11-17 11:54:38.439,8532.41,0.598247
2019-11-17 11:54:38.462,8534.12,0.00375
2019-11-17 11:54:40.890,8533.18,0.119681
2019-11-17 11:54:40.895,8533.18,0.259604
2019-11-17 11:54:40.897,8533.18,0.703147
2019-11-17 11:54:40.908,8533.18,0.351574
2019-11-17 11:54:40.908,8533.18,0.565994
2019-11-17 11:54:40.908,8533.17,0.259604
2019-11-17 11:54:40.908,8533.16,0.229119
2019-11-17 11:54:40.909,8533.16,1.406289
2019-11-17 11:54:41.541,8533.61,0.255887
2019-11-17 11:54:41.868,8533.16,0.016394
2019-11-17 11:54:42.855,8533.7,0.02
2019-11-17 11:54:43.255,8533.7,0.002037
2019-11-17 11:54:43.673,8533.17,0.029162
2019-11-17 11:54:44.555,8533.79,0.001306
2019-11-17 11:54:46.272,8533.43,0.226244
2019-11-17 11:54:46.714,8533.78,0.015905
2019-11-17 11:54:49.896,8533.36,0.0374
2019-11-17 11:54:50.774,8533.79,0.001329
2019-11-17 11:54:51.762,8533.38,0.002344
2019-11-17 11:54:53.803,8533.57,0.168996
2019-11-17 11:54:54.140,8533.41,0.00198
